%YAML 1.1
%TAG !u! tag:unity3d.com,2011:
--- !u!114 &640576673
MonoBehaviour:
  m_ObjectHideFlags: 0
  m_CorrespondingSourceObject: {fileID: 0}
  m_PrefabInstance: {fileID: 0}
  m_PrefabAsset: {fileID: 0}
  m_GameObject: {fileID: 1200934546230363242}
  m_Enabled: 1
  m_EditorHideFlags: 0
  m_Script: {fileID: 11500000, guid: 12c80ab0d01e06f49b6eaa21012ef78a, type: 3}
  m_Name: 
  m_EditorClassIdentifier: 
  speed: 0
  area: 3
--- !u!1 &2823835943736586134
GameObject:
  m_ObjectHideFlags: 0
  m_CorrespondingSourceObject: {fileID: 0}
  m_PrefabInstance: {fileID: 0}
  m_PrefabAsset: {fileID: 0}
  serializedVersion: 6
  m_Component:
  - component: {fileID: 789542093109550842}
  - component: {fileID: 2173163472032446053}
  - component: {fileID: 6281452050345182154}
  - component: {fileID: 3283010071492651406}
  - component: {fileID: 2871385701709137463}
  m_Layer: 0
  m_Name: Cone
  m_TagString: Untagged
  m_Icon: {fileID: 0}
  m_NavMeshLayer: 0
  m_StaticEditorFlags: 0
  m_IsActive: 1
--- !u!4 &789542093109550842
Transform:
  m_ObjectHideFlags: 0
  m_CorrespondingSourceObject: {fileID: 0}
  m_PrefabInstance: {fileID: 0}
  m_PrefabAsset: {fileID: 0}
  m_GameObject: {fileID: 2823835943736586134}
  m_LocalRotation: {x: 0.7071068, y: -0, z: 0.7071068, w: 0}
  m_LocalPosition: {x: 0.099998474, y: -0.3300617, z: 0.5279999}
  m_LocalScale: {x: 0.004574802, y: 0.18065938, z: 0.115490064}
  m_Children: []
  m_Father: {fileID: 1200934546230363153}
  m_RootOrder: 2
  m_LocalEulerAnglesHint: {x: 0, y: 0, z: 0}
--- !u!33 &2173163472032446053
MeshFilter:
  m_ObjectHideFlags: 0
  m_CorrespondingSourceObject: {fileID: 0}
  m_PrefabInstance: {fileID: 0}
  m_PrefabAsset: {fileID: 0}
  m_GameObject: {fileID: 2823835943736586134}
  m_Mesh: {fileID: 0}
--- !u!23 &6281452050345182154
MeshRenderer:
  m_ObjectHideFlags: 0
  m_CorrespondingSourceObject: {fileID: 0}
  m_PrefabInstance: {fileID: 0}
  m_PrefabAsset: {fileID: 0}
  m_GameObject: {fileID: 2823835943736586134}
  m_Enabled: 1
  m_CastShadows: 1
  m_ReceiveShadows: 1
  m_DynamicOccludee: 1
  m_MotionVectors: 1
  m_LightProbeUsage: 1
  m_ReflectionProbeUsage: 1
  m_RenderingLayerMask: 1
  m_RendererPriority: 0
  m_Materials:
  - {fileID: 2100000, guid: 46676f0cda046064c8e4eb5635797d7e, type: 2}
  m_StaticBatchInfo:
    firstSubMesh: 0
    subMeshCount: 0
  m_StaticBatchRoot: {fileID: 0}
  m_ProbeAnchor: {fileID: 0}
  m_LightProbeVolumeOverride: {fileID: 0}
  m_ScaleInLightmap: 1
  m_PreserveUVs: 0
  m_IgnoreNormalsForChartDetection: 0
  m_ImportantGI: 0
  m_StitchLightmapSeams: 0
  m_SelectedEditorRenderState: 2
  m_MinimumChartSize: 4
  m_AutoUVMaxDistance: 0.5
  m_AutoUVMaxAngle: 89
  m_LightmapParameters: {fileID: 0}
  m_SortingLayerID: 0
  m_SortingLayer: 0
  m_SortingOrder: 0
--- !u!114 &3283010071492651406
MonoBehaviour:
  m_ObjectHideFlags: 0
  m_CorrespondingSourceObject: {fileID: 0}
  m_PrefabInstance: {fileID: 0}
  m_PrefabAsset: {fileID: 0}
  m_GameObject: {fileID: 2823835943736586134}
  m_Enabled: 1
  m_EditorHideFlags: 0
  m_Script: {fileID: 11500000, guid: 8233d90336aea43098adf6dbabd606a2, type: 3}
  m_Name: 
  m_EditorClassIdentifier: 
  m_MeshFormatVersion: 1
  m_Faces:
  - m_Indexes: 020000000100000000000000
    m_SmoothingGroup: 0
    m_Uv:
      m_UseWorldSpace: 0
      m_FlipU: 0
      m_FlipV: 0
      m_SwapUV: 0
      m_Fill: 1
      m_Scale: {x: 1, y: 1}
      m_Offset: {x: 0, y: 0}
      m_Rotation: 0
      m_Anchor: 9
    m_Material: {fileID: 2100000, guid: c22777d6e868e4f2fb421913386b154e, type: 2}
    m_SubmeshIndex: 0
    m_ManualUV: 0
    elementGroup: 0
    m_TextureGroup: -1
  - m_Indexes: 030000000400000005000000
    m_SmoothingGroup: 0
    m_Uv:
      m_UseWorldSpace: 0
      m_FlipU: 0
      m_FlipV: 0
      m_SwapUV: 0
      m_Fill: 1
      m_Scale: {x: 1, y: 1}
      m_Offset: {x: 0, y: 0}
      m_Rotation: 0
      m_Anchor: 9
    m_Material: {fileID: 2100000, guid: c22777d6e868e4f2fb421913386b154e, type: 2}
    m_SubmeshIndex: 0
    m_ManualUV: 0
    elementGroup: 0
    m_TextureGroup: -1
  - m_Indexes: 080000000700000006000000
    m_SmoothingGroup: 0
    m_Uv:
      m_UseWorldSpace: 0
      m_FlipU: 0
      m_FlipV: 0
      m_SwapUV: 0
      m_Fill: 1
      m_Scale: {x: 1, y: 1}
      m_Offset: {x: 0, y: 0}
      m_Rotation: 0
      m_Anchor: 9
    m_Material: {fileID: 2100000, guid: c22777d6e868e4f2fb421913386b154e, type: 2}
    m_SubmeshIndex: 0
    m_ManualUV: 0
    elementGroup: 0
    m_TextureGroup: -1
  - m_Indexes: 090000000a0000000b000000
    m_SmoothingGroup: 0
    m_Uv:
      m_UseWorldSpace: 0
      m_FlipU: 0
      m_FlipV: 0
      m_SwapUV: 0
      m_Fill: 1
      m_Scale: {x: 1, y: 1}
      m_Offset: {x: 0, y: 0}
      m_Rotation: 0
      m_Anchor: 9
    m_Material: {fileID: 2100000, guid: c22777d6e868e4f2fb421913386b154e, type: 2}
    m_SubmeshIndex: 0
    m_ManualUV: 0
    elementGroup: 0
    m_TextureGroup: -1
  - m_Indexes: 0e0000000d0000000c000000
    m_SmoothingGroup: 0
    m_Uv:
      m_UseWorldSpace: 0
      m_FlipU: 0
      m_FlipV: 0
      m_SwapUV: 0
      m_Fill: 1
      m_Scale: {x: 1, y: 1}
      m_Offset: {x: 0, y: 0}
      m_Rotation: 0
      m_Anchor: 9
    m_Material: {fileID: 2100000, guid: c22777d6e868e4f2fb421913386b154e, type: 2}
    m_SubmeshIndex: 0
    m_ManualUV: 0
    elementGroup: 0
    m_TextureGroup: -1
  - m_Indexes: 0f0000001000000011000000
    m_SmoothingGroup: 0
    m_Uv:
      m_UseWorldSpace: 0
      m_FlipU: 0
      m_FlipV: 0
      m_SwapUV: 0
      m_Fill: 1
      m_Scale: {x: 1, y: 1}
      m_Offset: {x: 0, y: 0}
      m_Rotation: 0
      m_Anchor: 9
    m_Material: {fileID: 2100000, guid: c22777d6e868e4f2fb421913386b154e, type: 2}
    m_SubmeshIndex: 0
    m_ManualUV: 0
    elementGroup: 0
    m_TextureGroup: -1
  - m_Indexes: 140000001300000012000000
    m_SmoothingGroup: 0
    m_Uv:
      m_UseWorldSpace: 0
      m_FlipU: 0
      m_FlipV: 0
      m_SwapUV: 0
      m_Fill: 1
      m_Scale: {x: 1, y: 1}
      m_Offset: {x: 0, y: 0}
      m_Rotation: 0
      m_Anchor: 9
    m_Material: {fileID: 2100000, guid: c22777d6e868e4f2fb421913386b154e, type: 2}
    m_SubmeshIndex: 0
    m_ManualUV: 0
    elementGroup: 0
    m_TextureGroup: -1
  - m_Indexes: 150000001600000017000000
    m_SmoothingGroup: 0
    m_Uv:
      m_UseWorldSpace: 0
      m_FlipU: 0
      m_FlipV: 0
      m_SwapUV: 0
      m_Fill: 1
      m_Scale: {x: 1, y: 1}
      m_Offset: {x: 0, y: 0}
      m_Rotation: 0
      m_Anchor: 9
    m_Material: {fileID: 2100000, guid: c22777d6e868e4f2fb421913386b154e, type: 2}
    m_SubmeshIndex: 0
    m_ManualUV: 0
    elementGroup: 0
    m_TextureGroup: -1
  - m_Indexes: 1a0000001900000018000000
    m_SmoothingGroup: 0
    m_Uv:
      m_UseWorldSpace: 0
      m_FlipU: 0
      m_FlipV: 0
      m_SwapUV: 0
      m_Fill: 1
      m_Scale: {x: 1, y: 1}
      m_Offset: {x: 0, y: 0}
      m_Rotation: 0
      m_Anchor: 9
    m_Material: {fileID: 2100000, guid: c22777d6e868e4f2fb421913386b154e, type: 2}
    m_SubmeshIndex: 0
    m_ManualUV: 0
    elementGroup: 0
    m_TextureGroup: -1
  - m_Indexes: 1b0000001c0000001d000000
    m_SmoothingGroup: 0
    m_Uv:
      m_UseWorldSpace: 0
      m_FlipU: 0
      m_FlipV: 0
      m_SwapUV: 0
      m_Fill: 1
      m_Scale: {x: 1, y: 1}
      m_Offset: {x: 0, y: 0}
      m_Rotation: 0
      m_Anchor: 9
    m_Material: {fileID: 2100000, guid: c22777d6e868e4f2fb421913386b154e, type: 2}
    m_SubmeshIndex: 0
    m_ManualUV: 0
    elementGroup: 0
    m_TextureGroup: -1
  - m_Indexes: 200000001f0000001e000000
    m_SmoothingGroup: 0
    m_Uv:
      m_UseWorldSpace: 0
      m_FlipU: 0
      m_FlipV: 0
      m_SwapUV: 0
      m_Fill: 1
      m_Scale: {x: 1, y: 1}
      m_Offset: {x: 0, y: 0}
      m_Rotation: 0
      m_Anchor: 9
    m_Material: {fileID: 2100000, guid: c22777d6e868e4f2fb421913386b154e, type: 2}
    m_SubmeshIndex: 0
    m_ManualUV: 0
    elementGroup: 0
    m_TextureGroup: -1
  - m_Indexes: 210000002200000023000000
    m_SmoothingGroup: 0
    m_Uv:
      m_UseWorldSpace: 0
      m_FlipU: 0
      m_FlipV: 0
      m_SwapUV: 0
      m_Fill: 1
      m_Scale: {x: 1, y: 1}
      m_Offset: {x: 0, y: 0}
      m_Rotation: 0
      m_Anchor: 9
    m_Material: {fileID: 2100000, guid: c22777d6e868e4f2fb421913386b154e, type: 2}
    m_SubmeshIndex: 0
    m_ManualUV: 0
    elementGroup: 0
    m_TextureGroup: -1
  m_SharedVertices:
  - m_Vertices: 00000000030000001f00000022000000
  - m_Vertices: 01000000040000000600000009000000
  - m_Vertices: 02000000080000000e000000140000001a00000020000000
  - m_Vertices: 050000000b00000011000000170000001d00000023000000
  - m_Vertices: 070000000a0000000c0000000f000000
  - m_Vertices: 0d000000100000001200000015000000
  - m_Vertices: 1300000016000000180000001b000000
  - m_Vertices: 190000001c0000001e00000021000000
  m_SharedTextures: []
  m_Positions:
  - {x: 0, y: 0, z: 0}
  - {x: -0.5, y: 0, z: 0.86602545}
  - {x: -1, y: 2, z: 0}
  - {x: 0, y: 0, z: 0}
  - {x: -0.5, y: 0, z: 0.86602545}
  - {x: -1, y: 0, z: 0}
  - {x: -0.5, y: 0, z: 0.86602545}
  - {x: -1.5, y: 0, z: 0.8660254}
  - {x: -1, y: 2, z: 0}
  - {x: -0.5, y: 0, z: 0.86602545}
  - {x: -1.5, y: 0, z: 0.8660254}
  - {x: -1, y: 0, z: 0}
  - {x: -1.5, y: 0, z: 0.8660254}
  - {x: -2, y: 0, z: -0.00000008742278}
  - {x: -1, y: 2, z: 0}
  - {x: -1.5, y: 0, z: 0.8660254}
  - {x: -2, y: 0, z: -0.00000008742278}
  - {x: -1, y: 0, z: 0}
  - {x: -2, y: 0, z: -0.00000008742278}
  - {x: -1.4999999, y: 0, z: -0.86602545}
  - {x: -1, y: 2, z: 0}
  - {x: -2, y: 0, z: -0.00000008742278}
  - {x: -1.4999999, y: 0, z: -0.86602545}
  - {x: -1, y: 0, z: 0}
  - {x: -1.4999999, y: 0, z: -0.86602545}
  - {x: -0.5000001, y: 0, z: -0.86602545}
  - {x: -1, y: 2, z: 0}
  - {x: -1.4999999, y: 0, z: -0.86602545}
  - {x: -0.5000001, y: 0, z: -0.86602545}
  - {x: -1, y: 0, z: 0}
  - {x: -0.5000001, y: 0, z: -0.86602545}
  - {x: 0, y: 0, z: 0}
  - {x: -1, y: 2, z: 0}
  - {x: -0.5000001, y: 0, z: -0.86602545}
  - {x: 0, y: 0, z: 0}
  - {x: -1, y: 0, z: 0}
  m_Textures0:
  - {x: 0, y: 0}
  - {x: 1, y: -0.000000017593862}
  - {x: 0.5, y: 2.1794496}
  - {x: 0, y: 0}
  - {x: 0.5, y: 0.86602545}
  - {x: 1, y: 0}
  - {x: 0.49999994, y: -0.34412366}
  - {x: 1.5, y: -0.34412366}
  - {x: 1, y: 1.835326}
  - {x: 0.5, y: 0.86602545}
  - {x: 1.5, y: 0.8660254}
  - {x: 1, y: 0}
  - {x: 0.000000026922347, y: -0.6882472}
  - {x: 1.0000001, y: -0.6882472}
  - {x: 0.5, y: 1.4912024}
  - {x: 1.5, y: 0.8660254}
  - {x: 2, y: -0.00000008742278}
  - {x: 1, y: 0}
  - {x: -1, y: -0.68824714}
  - {x: -0.000000056724666, y: -0.68824714}
  - {x: -0.50000006, y: 1.4912024}
  - {x: 2, y: -0.00000008742278}
  - {x: 1.4999999, y: -0.86602545}
  - {x: 1, y: 0}
  - {x: -1.4999999, y: -0.34412363}
  - {x: -0.5000001, y: -0.34412363}
  - {x: -1, y: 1.8353258}
  - {x: 1.4999999, y: -0.86602545}
  - {x: 0.5000001, y: -0.86602545}
  - {x: 1, y: 0}
  - {x: -1.0000001, y: -0.000000019278247}
  - {x: 0, y: 0}
  - {x: -0.50000006, y: 2.1794496}
  - {x: 0.5000001, y: -0.86602545}
  - {x: 0, y: 0}
  - {x: 1, y: 0}
  m_Textures2: []
  m_Textures3: []
  m_Tangents:
  - {x: -0.5, y: -0.000000011842243, z: 0.86602545, w: -1}
  - {x: -0.5, y: -0.000000011842243, z: 0.86602545, w: -1}
  - {x: -0.5, y: -0.000000011842243, z: 0.86602545, w: -1}
  - {x: -1, y: 0, z: 0, w: -1}
  - {x: -1, y: 0, z: 0, w: -1}
  - {x: -1, y: 0, z: 0, w: -1}
  - {x: -1, y: 0, z: -0.000000059604645, w: -1}
  - {x: -1, y: 0, z: -0.000000059604645, w: -1}
  - {x: -1, y: 0, z: -0.000000059604645, w: -1}
  - {x: -1, y: 0, z: 0, w: -1}
  - {x: -1, y: 0, z: 0, w: -1}
  - {x: -1, y: 0, z: 0, w: -1}
  - {x: -0.5, y: 0.000000023684485, z: -0.8660254, w: -1}
  - {x: -0.5, y: 0.000000023684485, z: -0.8660254, w: -1}
  - {x: -0.5, y: 0.000000023684485, z: -0.8660254, w: -1}
  - {x: -1, y: 0, z: 0, w: -1}
  - {x: -1, y: 0, z: 0, w: -1}
  - {x: -1, y: 0, z: 0, w: -1}
  - {x: 0.50000006, y: 0.00000002368448, z: -0.8660253, w: -1}
  - {x: 0.50000006, y: 0.00000002368448, z: -0.8660253, w: -1}
  - {x: 0.50000006, y: 0.00000002368448, z: -0.8660253, w: -1}
  - {x: -1, y: 0, z: 0, w: -1}
  - {x: -1, y: 0, z: 0, w: -1}
  - {x: -1, y: 0, z: 0, w: -1}
  - {x: 1, y: 0, z: 0, w: -1}
  - {x: 1, y: 0, z: 0, w: -1}
  - {x: 1, y: 0, z: 0, w: -1}
  - {x: -1, y: 0, z: 0, w: -1}
  - {x: -1, y: 0, z: 0, w: -1}
  - {x: -1, y: 0, z: 0, w: -1}
  - {x: 0.5000001, y: -0.000000011842243, z: 0.8660254, w: -1}
  - {x: 0.5000001, y: -0.000000011842243, z: 0.8660254, w: -1}
  - {x: 0.5000001, y: -0.000000011842243, z: 0.8660254, w: -1}
  - {x: -1, y: 0, z: 0, w: -1}
  - {x: -1, y: 0, z: 0, w: -1}
  - {x: -1, y: 0, z: 0, w: -1}
  m_Colors: []
  m_UnwrapParameters:
    m_HardAngle: 88
    m_PackMargin: 20
    m_AngleError: 8
    m_AreaError: 15
  m_PreserveMeshAssetOnDestroy: 0
  assetGuid: 
  m_IsSelectable: 1
  m_SelectedFaces: 
  m_SelectedEdges: []
  m_SelectedVertices: 
--- !u!64 &2871385701709137463
MeshCollider:
  m_ObjectHideFlags: 0
  m_CorrespondingSourceObject: {fileID: 0}
  m_PrefabInstance: {fileID: 0}
  m_PrefabAsset: {fileID: 0}
  m_GameObject: {fileID: 2823835943736586134}
  m_Material: {fileID: 0}
  m_IsTrigger: 0
  m_Enabled: 0
  serializedVersion: 3
  m_Convex: 0
  m_CookingOptions: 14
  m_Mesh: {fileID: 0}
--- !u!1 &4976730721507670634
GameObject:
  m_ObjectHideFlags: 0
  m_CorrespondingSourceObject: {fileID: 0}
  m_PrefabInstance: {fileID: 0}
  m_PrefabAsset: {fileID: 0}
  serializedVersion: 6
  m_Component:
  - component: {fileID: 2886019544961479210}
  - component: {fileID: 153251261230493873}
  - component: {fileID: 743494703287672124}
  - component: {fileID: 5787340955290563308}
  - component: {fileID: 3141904279707451513}
  m_Layer: 0
  m_Name: Cone (3)
  m_TagString: Untagged
  m_Icon: {fileID: 0}
  m_NavMeshLayer: 0
  m_StaticEditorFlags: 0
  m_IsActive: 1
--- !u!4 &2886019544961479210
Transform:
  m_ObjectHideFlags: 0
  m_CorrespondingSourceObject: {fileID: 0}
  m_PrefabInstance: {fileID: 0}
  m_PrefabAsset: {fileID: 0}
  m_GameObject: {fileID: 4976730721507670634}
  m_LocalRotation: {x: 0.7071068, y: -0, z: 0.7071068, w: 0}
  m_LocalPosition: {x: -0.19999695, y: -0.3300617, z: 0.5279999}
  m_LocalScale: {x: 0.004574802, y: 0.18065938, z: 0.115490064}
  m_Children: []
  m_Father: {fileID: 1200934546230363153}
  m_RootOrder: 5
  m_LocalEulerAnglesHint: {x: 0, y: 0, z: 0}
--- !u!33 &153251261230493873
MeshFilter:
  m_ObjectHideFlags: 0
  m_CorrespondingSourceObject: {fileID: 0}
  m_PrefabInstance: {fileID: 0}
  m_PrefabAsset: {fileID: 0}
  m_GameObject: {fileID: 4976730721507670634}
  m_Mesh: {fileID: 0}
--- !u!23 &743494703287672124
MeshRenderer:
  m_ObjectHideFlags: 0
  m_CorrespondingSourceObject: {fileID: 0}
  m_PrefabInstance: {fileID: 0}
  m_PrefabAsset: {fileID: 0}
  m_GameObject: {fileID: 4976730721507670634}
  m_Enabled: 1
  m_CastShadows: 1
  m_ReceiveShadows: 1
  m_DynamicOccludee: 1
  m_MotionVectors: 1
  m_LightProbeUsage: 1
  m_ReflectionProbeUsage: 1
  m_RenderingLayerMask: 1
  m_RendererPriority: 0
  m_Materials:
  - {fileID: 2100000, guid: 46676f0cda046064c8e4eb5635797d7e, type: 2}
  m_StaticBatchInfo:
    firstSubMesh: 0
    subMeshCount: 0
  m_StaticBatchRoot: {fileID: 0}
  m_ProbeAnchor: {fileID: 0}
  m_LightProbeVolumeOverride: {fileID: 0}
  m_ScaleInLightmap: 1
  m_PreserveUVs: 0
  m_IgnoreNormalsForChartDetection: 0
  m_ImportantGI: 0
  m_StitchLightmapSeams: 0
  m_SelectedEditorRenderState: 2
  m_MinimumChartSize: 4
  m_AutoUVMaxDistance: 0.5
  m_AutoUVMaxAngle: 89
  m_LightmapParameters: {fileID: 0}
  m_SortingLayerID: 0
  m_SortingLayer: 0
  m_SortingOrder: 0
--- !u!114 &5787340955290563308
MonoBehaviour:
  m_ObjectHideFlags: 0
  m_CorrespondingSourceObject: {fileID: 0}
  m_PrefabInstance: {fileID: 0}
  m_PrefabAsset: {fileID: 0}
  m_GameObject: {fileID: 4976730721507670634}
  m_Enabled: 1
  m_EditorHideFlags: 0
  m_Script: {fileID: 11500000, guid: 8233d90336aea43098adf6dbabd606a2, type: 3}
  m_Name: 
  m_EditorClassIdentifier: 
  m_MeshFormatVersion: 1
  m_Faces:
  - m_Indexes: 020000000100000000000000
    m_SmoothingGroup: 0
    m_Uv:
      m_UseWorldSpace: 0
      m_FlipU: 0
      m_FlipV: 0
      m_SwapUV: 0
      m_Fill: 1
      m_Scale: {x: 1, y: 1}
      m_Offset: {x: 0, y: 0}
      m_Rotation: 0
      m_Anchor: 9
    m_Material: {fileID: 2100000, guid: c22777d6e868e4f2fb421913386b154e, type: 2}
    m_SubmeshIndex: 0
    m_ManualUV: 0
    elementGroup: 0
    m_TextureGroup: 0
  - m_Indexes: 030000000400000005000000
    m_SmoothingGroup: 0
    m_Uv:
      m_UseWorldSpace: 0
      m_FlipU: 0
      m_FlipV: 0
      m_SwapUV: 0
      m_Fill: 1
      m_Scale: {x: 1, y: 1}
      m_Offset: {x: 0, y: 0}
      m_Rotation: 0
      m_Anchor: 9
    m_Material: {fileID: 2100000, guid: c22777d6e868e4f2fb421913386b154e, type: 2}
    m_SubmeshIndex: 0
    m_ManualUV: 0
    elementGroup: 0
    m_TextureGroup: 0
  - m_Indexes: 080000000700000006000000
    m_SmoothingGroup: 0
    m_Uv:
      m_UseWorldSpace: 0
      m_FlipU: 0
      m_FlipV: 0
      m_SwapUV: 0
      m_Fill: 1
      m_Scale: {x: 1, y: 1}
      m_Offset: {x: 0, y: 0}
      m_Rotation: 0
      m_Anchor: 9
    m_Material: {fileID: 2100000, guid: c22777d6e868e4f2fb421913386b154e, type: 2}
    m_SubmeshIndex: 0
    m_ManualUV: 0
    elementGroup: 0
    m_TextureGroup: 0
  - m_Indexes: 090000000a0000000b000000
    m_SmoothingGroup: 0
    m_Uv:
      m_UseWorldSpace: 0
      m_FlipU: 0
      m_FlipV: 0
      m_SwapUV: 0
      m_Fill: 1
      m_Scale: {x: 1, y: 1}
      m_Offset: {x: 0, y: 0}
      m_Rotation: 0
      m_Anchor: 9
    m_Material: {fileID: 2100000, guid: c22777d6e868e4f2fb421913386b154e, type: 2}
    m_SubmeshIndex: 0
    m_ManualUV: 0
    elementGroup: 0
    m_TextureGroup: 0
  - m_Indexes: 0e0000000d0000000c000000
    m_SmoothingGroup: 0
    m_Uv:
      m_UseWorldSpace: 0
      m_FlipU: 0
      m_FlipV: 0
      m_SwapUV: 0
      m_Fill: 1
      m_Scale: {x: 1, y: 1}
      m_Offset: {x: 0, y: 0}
      m_Rotation: 0
      m_Anchor: 9
    m_Material: {fileID: 2100000, guid: c22777d6e868e4f2fb421913386b154e, type: 2}
    m_SubmeshIndex: 0
    m_ManualUV: 0
    elementGroup: 0
    m_TextureGroup: 0
  - m_Indexes: 0f0000001000000011000000
    m_SmoothingGroup: 0
    m_Uv:
      m_UseWorldSpace: 0
      m_FlipU: 0
      m_FlipV: 0
      m_SwapUV: 0
      m_Fill: 1
      m_Scale: {x: 1, y: 1}
      m_Offset: {x: 0, y: 0}
      m_Rotation: 0
      m_Anchor: 9
    m_Material: {fileID: 2100000, guid: c22777d6e868e4f2fb421913386b154e, type: 2}
    m_SubmeshIndex: 0
    m_ManualUV: 0
    elementGroup: 0
    m_TextureGroup: 0
  - m_Indexes: 140000001300000012000000
    m_SmoothingGroup: 0
    m_Uv:
      m_UseWorldSpace: 0
      m_FlipU: 0
      m_FlipV: 0
      m_SwapUV: 0
      m_Fill: 1
      m_Scale: {x: 1, y: 1}
      m_Offset: {x: 0, y: 0}
      m_Rotation: 0
      m_Anchor: 9
    m_Material: {fileID: 2100000, guid: c22777d6e868e4f2fb421913386b154e, type: 2}
    m_SubmeshIndex: 0
    m_ManualUV: 0
    elementGroup: 0
    m_TextureGroup: 0
  - m_Indexes: 150000001600000017000000
    m_SmoothingGroup: 0
    m_Uv:
      m_UseWorldSpace: 0
      m_FlipU: 0
      m_FlipV: 0
      m_SwapUV: 0
      m_Fill: 1
      m_Scale: {x: 1, y: 1}
      m_Offset: {x: 0, y: 0}
      m_Rotation: 0
      m_Anchor: 9
    m_Material: {fileID: 2100000, guid: c22777d6e868e4f2fb421913386b154e, type: 2}
    m_SubmeshIndex: 0
    m_ManualUV: 0
    elementGroup: 0
    m_TextureGroup: 0
  - m_Indexes: 1a0000001900000018000000
    m_SmoothingGroup: 0
    m_Uv:
      m_UseWorldSpace: 0
      m_FlipU: 0
      m_FlipV: 0
      m_SwapUV: 0
      m_Fill: 1
      m_Scale: {x: 1, y: 1}
      m_Offset: {x: 0, y: 0}
      m_Rotation: 0
      m_Anchor: 9
    m_Material: {fileID: 2100000, guid: c22777d6e868e4f2fb421913386b154e, type: 2}
    m_SubmeshIndex: 0
    m_ManualUV: 0
    elementGroup: 0
    m_TextureGroup: 0
  - m_Indexes: 1b0000001c0000001d000000
    m_SmoothingGroup: 0
    m_Uv:
      m_UseWorldSpace: 0
      m_FlipU: 0
      m_FlipV: 0
      m_SwapUV: 0
      m_Fill: 1
      m_Scale: {x: 1, y: 1}
      m_Offset: {x: 0, y: 0}
      m_Rotation: 0
      m_Anchor: 9
    m_Material: {fileID: 2100000, guid: c22777d6e868e4f2fb421913386b154e, type: 2}
    m_SubmeshIndex: 0
    m_ManualUV: 0
    elementGroup: 0
    m_TextureGroup: 0
  - m_Indexes: 200000001f0000001e000000
    m_SmoothingGroup: 0
    m_Uv:
      m_UseWorldSpace: 0
      m_FlipU: 0
      m_FlipV: 0
      m_SwapUV: 0
      m_Fill: 1
      m_Scale: {x: 1, y: 1}
      m_Offset: {x: 0, y: 0}
      m_Rotation: 0
      m_Anchor: 9
    m_Material: {fileID: 2100000, guid: c22777d6e868e4f2fb421913386b154e, type: 2}
    m_SubmeshIndex: 0
    m_ManualUV: 0
    elementGroup: 0
    m_TextureGroup: 0
  - m_Indexes: 210000002200000023000000
    m_SmoothingGroup: 0
    m_Uv:
      m_UseWorldSpace: 0
      m_FlipU: 0
      m_FlipV: 0
      m_SwapUV: 0
      m_Fill: 1
      m_Scale: {x: 1, y: 1}
      m_Offset: {x: 0, y: 0}
      m_Rotation: 0
      m_Anchor: 9
    m_Material: {fileID: 2100000, guid: c22777d6e868e4f2fb421913386b154e, type: 2}
    m_SubmeshIndex: 0
    m_ManualUV: 0
    elementGroup: 0
    m_TextureGroup: 0
  m_SharedVertices:
  - m_Vertices: 00000000030000001f00000022000000
  - m_Vertices: 01000000040000000600000009000000
  - m_Vertices: 02000000080000000e000000140000001a00000020000000
  - m_Vertices: 050000000b00000011000000170000001d00000023000000
  - m_Vertices: 070000000a0000000c0000000f000000
  - m_Vertices: 0d000000100000001200000015000000
  - m_Vertices: 1300000016000000180000001b000000
  - m_Vertices: 190000001c0000001e00000021000000
  m_SharedTextures: []
  m_Positions:
  - {x: 0, y: 0, z: 0}
  - {x: -0.5, y: 0, z: 0.86602545}
  - {x: -1, y: 2, z: 0}
  - {x: 0, y: 0, z: 0}
  - {x: -0.5, y: 0, z: 0.86602545}
  - {x: -1, y: 0, z: 0}
  - {x: -0.5, y: 0, z: 0.86602545}
  - {x: -1.5, y: 0, z: 0.8660254}
  - {x: -1, y: 2, z: 0}
  - {x: -0.5, y: 0, z: 0.86602545}
  - {x: -1.5, y: 0, z: 0.8660254}
  - {x: -1, y: 0, z: 0}
  - {x: -1.5, y: 0, z: 0.8660254}
  - {x: -2, y: 0, z: -0.00000008742278}
  - {x: -1, y: 2, z: 0}
  - {x: -1.5, y: 0, z: 0.8660254}
  - {x: -2, y: 0, z: -0.00000008742278}
  - {x: -1, y: 0, z: 0}
  - {x: -2, y: 0, z: -0.00000008742278}
  - {x: -1.4999999, y: 0, z: -0.86602545}
  - {x: -1, y: 2, z: 0}
  - {x: -2, y: 0, z: -0.00000008742278}
  - {x: -1.4999999, y: 0, z: -0.86602545}
  - {x: -1, y: 0, z: 0}
  - {x: -1.4999999, y: 0, z: -0.86602545}
  - {x: -0.5000001, y: 0, z: -0.86602545}
  - {x: -1, y: 2, z: 0}
  - {x: -1.4999999, y: 0, z: -0.86602545}
  - {x: -0.5000001, y: 0, z: -0.86602545}
  - {x: -1, y: 0, z: 0}
  - {x: -0.5000001, y: 0, z: -0.86602545}
  - {x: 0, y: 0, z: 0}
  - {x: -1, y: 2, z: 0}
  - {x: -0.5000001, y: 0, z: -0.86602545}
  - {x: 0, y: 0, z: 0}
  - {x: -1, y: 0, z: 0}
  m_Textures0:
  - {x: 0, y: 0}
  - {x: 1, y: -0.000000017593862}
  - {x: 0.5, y: 2.1794496}
  - {x: 0, y: 0}
  - {x: 0.5, y: 0.86602545}
  - {x: 1, y: 0}
  - {x: 0.49999994, y: -0.34412366}
  - {x: 1.5, y: -0.34412366}
  - {x: 1, y: 1.835326}
  - {x: 0.5, y: 0.86602545}
  - {x: 1.5, y: 0.8660254}
  - {x: 1, y: 0}
  - {x: 0.000000026922347, y: -0.6882472}
  - {x: 1.0000001, y: -0.6882472}
  - {x: 0.5, y: 1.4912024}
  - {x: 1.5, y: 0.8660254}
  - {x: 2, y: -0.00000008742278}
  - {x: 1, y: 0}
  - {x: -1, y: -0.68824714}
  - {x: -0.000000056724666, y: -0.68824714}
  - {x: -0.50000006, y: 1.4912024}
  - {x: 2, y: -0.00000008742278}
  - {x: 1.4999999, y: -0.86602545}
  - {x: 1, y: 0}
  - {x: -1.4999999, y: -0.34412363}
  - {x: -0.5000001, y: -0.34412363}
  - {x: -1, y: 1.8353258}
  - {x: 1.4999999, y: -0.86602545}
  - {x: 0.5000001, y: -0.86602545}
  - {x: 1, y: 0}
  - {x: -1.0000001, y: -0.000000019278247}
  - {x: 0, y: 0}
  - {x: -0.50000006, y: 2.1794496}
  - {x: 0.5000001, y: -0.86602545}
  - {x: 0, y: 0}
  - {x: 1, y: 0}
  m_Textures2: []
  m_Textures3: []
  m_Tangents:
  - {x: -0.5, y: -0.000000011842243, z: 0.86602545, w: -1}
  - {x: -0.5, y: -0.000000011842243, z: 0.86602545, w: -1}
  - {x: -0.5, y: -0.000000011842243, z: 0.86602545, w: -1}
  - {x: -1, y: 0, z: 0, w: -1}
  - {x: -1, y: 0, z: 0, w: -1}
  - {x: -1, y: 0, z: 0, w: -1}
  - {x: -1, y: 0, z: -0.000000059604645, w: -1}
  - {x: -1, y: 0, z: -0.000000059604645, w: -1}
  - {x: -1, y: 0, z: -0.000000059604645, w: -1}
  - {x: -1, y: 0, z: 0, w: -1}
  - {x: -1, y: 0, z: 0, w: -1}
  - {x: -1, y: 0, z: 0, w: -1}
  - {x: -0.5, y: 0.000000023684485, z: -0.8660254, w: -1}
  - {x: -0.5, y: 0.000000023684485, z: -0.8660254, w: -1}
  - {x: -0.5, y: 0.000000023684485, z: -0.8660254, w: -1}
  - {x: -1, y: 0, z: 0, w: -1}
  - {x: -1, y: 0, z: 0, w: -1}
  - {x: -1, y: 0, z: 0, w: -1}
  - {x: 0.50000006, y: 0.00000002368448, z: -0.8660253, w: -1}
  - {x: 0.50000006, y: 0.00000002368448, z: -0.8660253, w: -1}
  - {x: 0.50000006, y: 0.00000002368448, z: -0.8660253, w: -1}
  - {x: -1, y: 0, z: 0, w: -1}
  - {x: -1, y: 0, z: 0, w: -1}
  - {x: -1, y: 0, z: 0, w: -1}
  - {x: 1, y: 0, z: 0, w: -1}
  - {x: 1, y: 0, z: 0, w: -1}
  - {x: 1, y: 0, z: 0, w: -1}
  - {x: -1, y: 0, z: 0, w: -1}
  - {x: -1, y: 0, z: 0, w: -1}
  - {x: -1, y: 0, z: 0, w: -1}
  - {x: 0.5000001, y: -0.000000011842243, z: 0.8660254, w: -1}
  - {x: 0.5000001, y: -0.000000011842243, z: 0.8660254, w: -1}
  - {x: 0.5000001, y: -0.000000011842243, z: 0.8660254, w: -1}
  - {x: -1, y: 0, z: 0, w: -1}
  - {x: -1, y: 0, z: 0, w: -1}
  - {x: -1, y: 0, z: 0, w: -1}
  m_Colors: []
  m_UnwrapParameters:
    m_HardAngle: 88
    m_PackMargin: 20
    m_AngleError: 8
    m_AreaError: 15
  m_PreserveMeshAssetOnDestroy: 0
  assetGuid: 
  m_IsSelectable: 1
  m_SelectedFaces: 
  m_SelectedEdges: []
  m_SelectedVertices: 
--- !u!64 &3141904279707451513
MeshCollider:
  m_ObjectHideFlags: 0
  m_CorrespondingSourceObject: {fileID: 0}
  m_PrefabInstance: {fileID: 0}
  m_PrefabAsset: {fileID: 0}
  m_GameObject: {fileID: 4976730721507670634}
  m_Material: {fileID: 0}
  m_IsTrigger: 0
  m_Enabled: 0
  serializedVersion: 3
  m_Convex: 0
  m_CookingOptions: 14
  m_Mesh: {fileID: 0}
--- !u!1 &5177188349304189093
GameObject:
  m_ObjectHideFlags: 0
  m_CorrespondingSourceObject: {fileID: 0}
  m_PrefabInstance: {fileID: 0}
  m_PrefabAsset: {fileID: 0}
  serializedVersion: 6
  m_Component:
  - component: {fileID: 1856164809472581442}
  - component: {fileID: 6804147193035827362}
  - component: {fileID: 8284250236212337441}
  - component: {fileID: 1784941335801647922}
  - component: {fileID: 6334923836981762725}
  m_Layer: 0
  m_Name: Cone (2)
  m_TagString: Untagged
  m_Icon: {fileID: 0}
  m_NavMeshLayer: 0
  m_StaticEditorFlags: 0
  m_IsActive: 1
--- !u!4 &1856164809472581442
Transform:
  m_ObjectHideFlags: 0
  m_CorrespondingSourceObject: {fileID: 0}
  m_PrefabInstance: {fileID: 0}
  m_PrefabAsset: {fileID: 0}
  m_GameObject: {fileID: 5177188349304189093}
  m_LocalRotation: {x: 0.7071068, y: -0, z: 0.7071068, w: 0}
  m_LocalPosition: {x: 0, y: -0.3300617, z: 0.5279999}
  m_LocalScale: {x: 0.004574802, y: 0.18065938, z: 0.115490064}
  m_Children: []
  m_Father: {fileID: 1200934546230363153}
  m_RootOrder: 4
  m_LocalEulerAnglesHint: {x: 0, y: 0, z: 0}
--- !u!33 &6804147193035827362
MeshFilter:
  m_ObjectHideFlags: 0
  m_CorrespondingSourceObject: {fileID: 0}
  m_PrefabInstance: {fileID: 0}
  m_PrefabAsset: {fileID: 0}
  m_GameObject: {fileID: 5177188349304189093}
  m_Mesh: {fileID: 0}
--- !u!23 &8284250236212337441
MeshRenderer:
  m_ObjectHideFlags: 0
  m_CorrespondingSourceObject: {fileID: 0}
  m_PrefabInstance: {fileID: 0}
  m_PrefabAsset: {fileID: 0}
  m_GameObject: {fileID: 5177188349304189093}
  m_Enabled: 1
  m_CastShadows: 1
  m_ReceiveShadows: 1
  m_DynamicOccludee: 1
  m_MotionVectors: 1
  m_LightProbeUsage: 1
  m_ReflectionProbeUsage: 1
  m_RenderingLayerMask: 1
  m_RendererPriority: 0
  m_Materials:
  - {fileID: 2100000, guid: 46676f0cda046064c8e4eb5635797d7e, type: 2}
  m_StaticBatchInfo:
    firstSubMesh: 0
    subMeshCount: 0
  m_StaticBatchRoot: {fileID: 0}
  m_ProbeAnchor: {fileID: 0}
  m_LightProbeVolumeOverride: {fileID: 0}
  m_ScaleInLightmap: 1
  m_PreserveUVs: 0
  m_IgnoreNormalsForChartDetection: 0
  m_ImportantGI: 0
  m_StitchLightmapSeams: 0
  m_SelectedEditorRenderState: 2
  m_MinimumChartSize: 4
  m_AutoUVMaxDistance: 0.5
  m_AutoUVMaxAngle: 89
  m_LightmapParameters: {fileID: 0}
  m_SortingLayerID: 0
  m_SortingLayer: 0
  m_SortingOrder: 0
--- !u!114 &1784941335801647922
MonoBehaviour:
  m_ObjectHideFlags: 0
  m_CorrespondingSourceObject: {fileID: 0}
  m_PrefabInstance: {fileID: 0}
  m_PrefabAsset: {fileID: 0}
  m_GameObject: {fileID: 5177188349304189093}
  m_Enabled: 1
  m_EditorHideFlags: 0
  m_Script: {fileID: 11500000, guid: 8233d90336aea43098adf6dbabd606a2, type: 3}
  m_Name: 
  m_EditorClassIdentifier: 
  m_MeshFormatVersion: 1
  m_Faces:
  - m_Indexes: 020000000100000000000000
    m_SmoothingGroup: 0
    m_Uv:
      m_UseWorldSpace: 0
      m_FlipU: 0
      m_FlipV: 0
      m_SwapUV: 0
      m_Fill: 1
      m_Scale: {x: 1, y: 1}
      m_Offset: {x: 0, y: 0}
      m_Rotation: 0
      m_Anchor: 9
    m_Material: {fileID: 2100000, guid: c22777d6e868e4f2fb421913386b154e, type: 2}
    m_SubmeshIndex: 0
    m_ManualUV: 0
    elementGroup: 0
    m_TextureGroup: 0
  - m_Indexes: 030000000400000005000000
    m_SmoothingGroup: 0
    m_Uv:
      m_UseWorldSpace: 0
      m_FlipU: 0
      m_FlipV: 0
      m_SwapUV: 0
      m_Fill: 1
      m_Scale: {x: 1, y: 1}
      m_Offset: {x: 0, y: 0}
      m_Rotation: 0
      m_Anchor: 9
    m_Material: {fileID: 2100000, guid: c22777d6e868e4f2fb421913386b154e, type: 2}
    m_SubmeshIndex: 0
    m_ManualUV: 0
    elementGroup: 0
    m_TextureGroup: 0
  - m_Indexes: 080000000700000006000000
    m_SmoothingGroup: 0
    m_Uv:
      m_UseWorldSpace: 0
      m_FlipU: 0
      m_FlipV: 0
      m_SwapUV: 0
      m_Fill: 1
      m_Scale: {x: 1, y: 1}
      m_Offset: {x: 0, y: 0}
      m_Rotation: 0
      m_Anchor: 9
    m_Material: {fileID: 2100000, guid: c22777d6e868e4f2fb421913386b154e, type: 2}
    m_SubmeshIndex: 0
    m_ManualUV: 0
    elementGroup: 0
    m_TextureGroup: 0
  - m_Indexes: 090000000a0000000b000000
    m_SmoothingGroup: 0
    m_Uv:
      m_UseWorldSpace: 0
      m_FlipU: 0
      m_FlipV: 0
      m_SwapUV: 0
      m_Fill: 1
      m_Scale: {x: 1, y: 1}
      m_Offset: {x: 0, y: 0}
      m_Rotation: 0
      m_Anchor: 9
    m_Material: {fileID: 2100000, guid: c22777d6e868e4f2fb421913386b154e, type: 2}
    m_SubmeshIndex: 0
    m_ManualUV: 0
    elementGroup: 0
    m_TextureGroup: 0
  - m_Indexes: 0e0000000d0000000c000000
    m_SmoothingGroup: 0
    m_Uv:
      m_UseWorldSpace: 0
      m_FlipU: 0
      m_FlipV: 0
      m_SwapUV: 0
      m_Fill: 1
      m_Scale: {x: 1, y: 1}
      m_Offset: {x: 0, y: 0}
      m_Rotation: 0
      m_Anchor: 9
    m_Material: {fileID: 2100000, guid: c22777d6e868e4f2fb421913386b154e, type: 2}
    m_SubmeshIndex: 0
    m_ManualUV: 0
    elementGroup: 0
    m_TextureGroup: 0
  - m_Indexes: 0f0000001000000011000000
    m_SmoothingGroup: 0
    m_Uv:
      m_UseWorldSpace: 0
      m_FlipU: 0
      m_FlipV: 0
      m_SwapUV: 0
      m_Fill: 1
      m_Scale: {x: 1, y: 1}
      m_Offset: {x: 0, y: 0}
      m_Rotation: 0
      m_Anchor: 9
    m_Material: {fileID: 2100000, guid: c22777d6e868e4f2fb421913386b154e, type: 2}
    m_SubmeshIndex: 0
    m_ManualUV: 0
    elementGroup: 0
    m_TextureGroup: 0
  - m_Indexes: 140000001300000012000000
    m_SmoothingGroup: 0
    m_Uv:
      m_UseWorldSpace: 0
      m_FlipU: 0
      m_FlipV: 0
      m_SwapUV: 0
      m_Fill: 1
      m_Scale: {x: 1, y: 1}
      m_Offset: {x: 0, y: 0}
      m_Rotation: 0
      m_Anchor: 9
    m_Material: {fileID: 2100000, guid: c22777d6e868e4f2fb421913386b154e, type: 2}
    m_SubmeshIndex: 0
    m_ManualUV: 0
    elementGroup: 0
    m_TextureGroup: 0
  - m_Indexes: 150000001600000017000000
    m_SmoothingGroup: 0
    m_Uv:
      m_UseWorldSpace: 0
      m_FlipU: 0
      m_FlipV: 0
      m_SwapUV: 0
      m_Fill: 1
      m_Scale: {x: 1, y: 1}
      m_Offset: {x: 0, y: 0}
      m_Rotation: 0
      m_Anchor: 9
    m_Material: {fileID: 2100000, guid: c22777d6e868e4f2fb421913386b154e, type: 2}
    m_SubmeshIndex: 0
    m_ManualUV: 0
    elementGroup: 0
    m_TextureGroup: 0
  - m_Indexes: 1a0000001900000018000000
    m_SmoothingGroup: 0
    m_Uv:
      m_UseWorldSpace: 0
      m_FlipU: 0
      m_FlipV: 0
      m_SwapUV: 0
      m_Fill: 1
      m_Scale: {x: 1, y: 1}
      m_Offset: {x: 0, y: 0}
      m_Rotation: 0
      m_Anchor: 9
    m_Material: {fileID: 2100000, guid: c22777d6e868e4f2fb421913386b154e, type: 2}
    m_SubmeshIndex: 0
    m_ManualUV: 0
    elementGroup: 0
    m_TextureGroup: 0
  - m_Indexes: 1b0000001c0000001d000000
    m_SmoothingGroup: 0
    m_Uv:
      m_UseWorldSpace: 0
      m_FlipU: 0
      m_FlipV: 0
      m_SwapUV: 0
      m_Fill: 1
      m_Scale: {x: 1, y: 1}
      m_Offset: {x: 0, y: 0}
      m_Rotation: 0
      m_Anchor: 9
    m_Material: {fileID: 2100000, guid: c22777d6e868e4f2fb421913386b154e, type: 2}
    m_SubmeshIndex: 0
    m_ManualUV: 0
    elementGroup: 0
    m_TextureGroup: 0
  - m_Indexes: 200000001f0000001e000000
    m_SmoothingGroup: 0
    m_Uv:
      m_UseWorldSpace: 0
      m_FlipU: 0
      m_FlipV: 0
      m_SwapUV: 0
      m_Fill: 1
      m_Scale: {x: 1, y: 1}
      m_Offset: {x: 0, y: 0}
      m_Rotation: 0
      m_Anchor: 9
    m_Material: {fileID: 2100000, guid: c22777d6e868e4f2fb421913386b154e, type: 2}
    m_SubmeshIndex: 0
    m_ManualUV: 0
    elementGroup: 0
    m_TextureGroup: 0
  - m_Indexes: 210000002200000023000000
    m_SmoothingGroup: 0
    m_Uv:
      m_UseWorldSpace: 0
      m_FlipU: 0
      m_FlipV: 0
      m_SwapUV: 0
      m_Fill: 1
      m_Scale: {x: 1, y: 1}
      m_Offset: {x: 0, y: 0}
      m_Rotation: 0
      m_Anchor: 9
    m_Material: {fileID: 2100000, guid: c22777d6e868e4f2fb421913386b154e, type: 2}
    m_SubmeshIndex: 0
    m_ManualUV: 0
    elementGroup: 0
    m_TextureGroup: 0
  m_SharedVertices:
  - m_Vertices: 00000000030000001f00000022000000
  - m_Vertices: 01000000040000000600000009000000
  - m_Vertices: 02000000080000000e000000140000001a00000020000000
  - m_Vertices: 050000000b00000011000000170000001d00000023000000
  - m_Vertices: 070000000a0000000c0000000f000000
  - m_Vertices: 0d000000100000001200000015000000
  - m_Vertices: 1300000016000000180000001b000000
  - m_Vertices: 190000001c0000001e00000021000000
  m_SharedTextures: []
  m_Positions:
  - {x: 0, y: 0, z: 0}
  - {x: -0.5, y: 0, z: 0.86602545}
  - {x: -1, y: 2, z: 0}
  - {x: 0, y: 0, z: 0}
  - {x: -0.5, y: 0, z: 0.86602545}
  - {x: -1, y: 0, z: 0}
  - {x: -0.5, y: 0, z: 0.86602545}
  - {x: -1.5, y: 0, z: 0.8660254}
  - {x: -1, y: 2, z: 0}
  - {x: -0.5, y: 0, z: 0.86602545}
  - {x: -1.5, y: 0, z: 0.8660254}
  - {x: -1, y: 0, z: 0}
  - {x: -1.5, y: 0, z: 0.8660254}
  - {x: -2, y: 0, z: -0.00000008742278}
  - {x: -1, y: 2, z: 0}
  - {x: -1.5, y: 0, z: 0.8660254}
  - {x: -2, y: 0, z: -0.00000008742278}
  - {x: -1, y: 0, z: 0}
  - {x: -2, y: 0, z: -0.00000008742278}
  - {x: -1.4999999, y: 0, z: -0.86602545}
  - {x: -1, y: 2, z: 0}
  - {x: -2, y: 0, z: -0.00000008742278}
  - {x: -1.4999999, y: 0, z: -0.86602545}
  - {x: -1, y: 0, z: 0}
  - {x: -1.4999999, y: 0, z: -0.86602545}
  - {x: -0.5000001, y: 0, z: -0.86602545}
  - {x: -1, y: 2, z: 0}
  - {x: -1.4999999, y: 0, z: -0.86602545}
  - {x: -0.5000001, y: 0, z: -0.86602545}
  - {x: -1, y: 0, z: 0}
  - {x: -0.5000001, y: 0, z: -0.86602545}
  - {x: 0, y: 0, z: 0}
  - {x: -1, y: 2, z: 0}
  - {x: -0.5000001, y: 0, z: -0.86602545}
  - {x: 0, y: 0, z: 0}
  - {x: -1, y: 0, z: 0}
  m_Textures0:
  - {x: 0, y: 0}
  - {x: 1, y: -0.000000017593862}
  - {x: 0.5, y: 2.1794496}
  - {x: 0, y: 0}
  - {x: 0.5, y: 0.86602545}
  - {x: 1, y: 0}
  - {x: 0.49999994, y: -0.34412366}
  - {x: 1.5, y: -0.34412366}
  - {x: 1, y: 1.835326}
  - {x: 0.5, y: 0.86602545}
  - {x: 1.5, y: 0.8660254}
  - {x: 1, y: 0}
  - {x: 0.000000026922347, y: -0.6882472}
  - {x: 1.0000001, y: -0.6882472}
  - {x: 0.5, y: 1.4912024}
  - {x: 1.5, y: 0.8660254}
  - {x: 2, y: -0.00000008742278}
  - {x: 1, y: 0}
  - {x: -1, y: -0.68824714}
  - {x: -0.000000056724666, y: -0.68824714}
  - {x: -0.50000006, y: 1.4912024}
  - {x: 2, y: -0.00000008742278}
  - {x: 1.4999999, y: -0.86602545}
  - {x: 1, y: 0}
  - {x: -1.4999999, y: -0.34412363}
  - {x: -0.5000001, y: -0.34412363}
  - {x: -1, y: 1.8353258}
  - {x: 1.4999999, y: -0.86602545}
  - {x: 0.5000001, y: -0.86602545}
  - {x: 1, y: 0}
  - {x: -1.0000001, y: -0.000000019278247}
  - {x: 0, y: 0}
  - {x: -0.50000006, y: 2.1794496}
  - {x: 0.5000001, y: -0.86602545}
  - {x: 0, y: 0}
  - {x: 1, y: 0}
  m_Textures2: []
  m_Textures3: []
  m_Tangents:
  - {x: -0.5, y: -0.000000011842243, z: 0.86602545, w: -1}
  - {x: -0.5, y: -0.000000011842243, z: 0.86602545, w: -1}
  - {x: -0.5, y: -0.000000011842243, z: 0.86602545, w: -1}
  - {x: -1, y: 0, z: 0, w: -1}
  - {x: -1, y: 0, z: 0, w: -1}
  - {x: -1, y: 0, z: 0, w: -1}
  - {x: -1, y: 0, z: -0.000000059604645, w: -1}
  - {x: -1, y: 0, z: -0.000000059604645, w: -1}
  - {x: -1, y: 0, z: -0.000000059604645, w: -1}
  - {x: -1, y: 0, z: 0, w: -1}
  - {x: -1, y: 0, z: 0, w: -1}
  - {x: -1, y: 0, z: 0, w: -1}
  - {x: -0.5, y: 0.000000023684485, z: -0.8660254, w: -1}
  - {x: -0.5, y: 0.000000023684485, z: -0.8660254, w: -1}
  - {x: -0.5, y: 0.000000023684485, z: -0.8660254, w: -1}
  - {x: -1, y: 0, z: 0, w: -1}
  - {x: -1, y: 0, z: 0, w: -1}
  - {x: -1, y: 0, z: 0, w: -1}
  - {x: 0.50000006, y: 0.00000002368448, z: -0.8660253, w: -1}
  - {x: 0.50000006, y: 0.00000002368448, z: -0.8660253, w: -1}
  - {x: 0.50000006, y: 0.00000002368448, z: -0.8660253, w: -1}
  - {x: -1, y: 0, z: 0, w: -1}
  - {x: -1, y: 0, z: 0, w: -1}
  - {x: -1, y: 0, z: 0, w: -1}
  - {x: 1, y: 0, z: 0, w: -1}
  - {x: 1, y: 0, z: 0, w: -1}
  - {x: 1, y: 0, z: 0, w: -1}
  - {x: -1, y: 0, z: 0, w: -1}
  - {x: -1, y: 0, z: 0, w: -1}
  - {x: -1, y: 0, z: 0, w: -1}
  - {x: 0.5000001, y: -0.000000011842243, z: 0.8660254, w: -1}
  - {x: 0.5000001, y: -0.000000011842243, z: 0.8660254, w: -1}
  - {x: 0.5000001, y: -0.000000011842243, z: 0.8660254, w: -1}
  - {x: -1, y: 0, z: 0, w: -1}
  - {x: -1, y: 0, z: 0, w: -1}
  - {x: -1, y: 0, z: 0, w: -1}
  m_Colors: []
  m_UnwrapParameters:
    m_HardAngle: 88
    m_PackMargin: 20
    m_AngleError: 8
    m_AreaError: 15
  m_PreserveMeshAssetOnDestroy: 0
  assetGuid: 
  m_IsSelectable: 1
  m_SelectedFaces: 
  m_SelectedEdges: []
  m_SelectedVertices: 
--- !u!64 &6334923836981762725
MeshCollider:
  m_ObjectHideFlags: 0
  m_CorrespondingSourceObject: {fileID: 0}
  m_PrefabInstance: {fileID: 0}
  m_PrefabAsset: {fileID: 0}
  m_GameObject: {fileID: 5177188349304189093}
  m_Material: {fileID: 0}
  m_IsTrigger: 0
  m_Enabled: 0
  serializedVersion: 3
  m_Convex: 0
  m_CookingOptions: 14
  m_Mesh: {fileID: 0}
--- !u!1 &5376929324753597823
GameObject:
  m_ObjectHideFlags: 0
  m_CorrespondingSourceObject: {fileID: 0}
  m_PrefabInstance: {fileID: 0}
  m_PrefabAsset: {fileID: 0}
  serializedVersion: 6
  m_Component:
  - component: {fileID: 9139581547650487021}
  - component: {fileID: 5244564721678402040}
  - component: {fileID: 1851588589417048226}
  - component: {fileID: 388409411081132312}
  - component: {fileID: 2774794564091951934}
  m_Layer: 0
  m_Name: Cone (1)
  m_TagString: Untagged
  m_Icon: {fileID: 0}
  m_NavMeshLayer: 0
  m_StaticEditorFlags: 0
  m_IsActive: 1
--- !u!4 &9139581547650487021
Transform:
  m_ObjectHideFlags: 0
  m_CorrespondingSourceObject: {fileID: 0}
  m_PrefabInstance: {fileID: 0}
  m_PrefabAsset: {fileID: 0}
  m_GameObject: {fileID: 5376929324753597823}
  m_LocalRotation: {x: 0.7071068, y: -0, z: 0.7071068, w: 0}
  m_LocalPosition: {x: -0.099998474, y: -0.3300617, z: 0.5279999}
  m_LocalScale: {x: 0.004574802, y: 0.18065938, z: 0.115490064}
  m_Children: []
  m_Father: {fileID: 1200934546230363153}
  m_RootOrder: 3
  m_LocalEulerAnglesHint: {x: 0, y: 0, z: 0}
--- !u!33 &5244564721678402040
MeshFilter:
  m_ObjectHideFlags: 0
  m_CorrespondingSourceObject: {fileID: 0}
  m_PrefabInstance: {fileID: 0}
  m_PrefabAsset: {fileID: 0}
  m_GameObject: {fileID: 5376929324753597823}
  m_Mesh: {fileID: 0}
--- !u!23 &1851588589417048226
MeshRenderer:
  m_ObjectHideFlags: 0
  m_CorrespondingSourceObject: {fileID: 0}
  m_PrefabInstance: {fileID: 0}
  m_PrefabAsset: {fileID: 0}
  m_GameObject: {fileID: 5376929324753597823}
  m_Enabled: 1
  m_CastShadows: 1
  m_ReceiveShadows: 1
  m_DynamicOccludee: 1
  m_MotionVectors: 1
  m_LightProbeUsage: 1
  m_ReflectionProbeUsage: 1
  m_RenderingLayerMask: 1
  m_RendererPriority: 0
  m_Materials:
  - {fileID: 2100000, guid: 46676f0cda046064c8e4eb5635797d7e, type: 2}
  m_StaticBatchInfo:
    firstSubMesh: 0
    subMeshCount: 0
  m_StaticBatchRoot: {fileID: 0}
  m_ProbeAnchor: {fileID: 0}
  m_LightProbeVolumeOverride: {fileID: 0}
  m_ScaleInLightmap: 1
  m_PreserveUVs: 0
  m_IgnoreNormalsForChartDetection: 0
  m_ImportantGI: 0
  m_StitchLightmapSeams: 0
  m_SelectedEditorRenderState: 2
  m_MinimumChartSize: 4
  m_AutoUVMaxDistance: 0.5
  m_AutoUVMaxAngle: 89
  m_LightmapParameters: {fileID: 0}
  m_SortingLayerID: 0
  m_SortingLayer: 0
  m_SortingOrder: 0
--- !u!114 &388409411081132312
MonoBehaviour:
  m_ObjectHideFlags: 0
  m_CorrespondingSourceObject: {fileID: 0}
  m_PrefabInstance: {fileID: 0}
  m_PrefabAsset: {fileID: 0}
  m_GameObject: {fileID: 5376929324753597823}
  m_Enabled: 1
  m_EditorHideFlags: 0
  m_Script: {fileID: 11500000, guid: 8233d90336aea43098adf6dbabd606a2, type: 3}
  m_Name: 
  m_EditorClassIdentifier: 
  m_MeshFormatVersion: 1
  m_Faces:
  - m_Indexes: 020000000100000000000000
    m_SmoothingGroup: 0
    m_Uv:
      m_UseWorldSpace: 0
      m_FlipU: 0
      m_FlipV: 0
      m_SwapUV: 0
      m_Fill: 1
      m_Scale: {x: 1, y: 1}
      m_Offset: {x: 0, y: 0}
      m_Rotation: 0
      m_Anchor: 9
    m_Material: {fileID: 2100000, guid: c22777d6e868e4f2fb421913386b154e, type: 2}
    m_SubmeshIndex: 0
    m_ManualUV: 0
    elementGroup: 0
    m_TextureGroup: 0
  - m_Indexes: 030000000400000005000000
    m_SmoothingGroup: 0
    m_Uv:
      m_UseWorldSpace: 0
      m_FlipU: 0
      m_FlipV: 0
      m_SwapUV: 0
      m_Fill: 1
      m_Scale: {x: 1, y: 1}
      m_Offset: {x: 0, y: 0}
      m_Rotation: 0
      m_Anchor: 9
    m_Material: {fileID: 2100000, guid: c22777d6e868e4f2fb421913386b154e, type: 2}
    m_SubmeshIndex: 0
    m_ManualUV: 0
    elementGroup: 0
    m_TextureGroup: 0
  - m_Indexes: 080000000700000006000000
    m_SmoothingGroup: 0
    m_Uv:
      m_UseWorldSpace: 0
      m_FlipU: 0
      m_FlipV: 0
      m_SwapUV: 0
      m_Fill: 1
      m_Scale: {x: 1, y: 1}
      m_Offset: {x: 0, y: 0}
      m_Rotation: 0
      m_Anchor: 9
    m_Material: {fileID: 2100000, guid: c22777d6e868e4f2fb421913386b154e, type: 2}
    m_SubmeshIndex: 0
    m_ManualUV: 0
    elementGroup: 0
    m_TextureGroup: 0
  - m_Indexes: 090000000a0000000b000000
    m_SmoothingGroup: 0
    m_Uv:
      m_UseWorldSpace: 0
      m_FlipU: 0
      m_FlipV: 0
      m_SwapUV: 0
      m_Fill: 1
      m_Scale: {x: 1, y: 1}
      m_Offset: {x: 0, y: 0}
      m_Rotation: 0
      m_Anchor: 9
    m_Material: {fileID: 2100000, guid: c22777d6e868e4f2fb421913386b154e, type: 2}
    m_SubmeshIndex: 0
    m_ManualUV: 0
    elementGroup: 0
    m_TextureGroup: 0
  - m_Indexes: 0e0000000d0000000c000000
    m_SmoothingGroup: 0
    m_Uv:
      m_UseWorldSpace: 0
      m_FlipU: 0
      m_FlipV: 0
      m_SwapUV: 0
      m_Fill: 1
      m_Scale: {x: 1, y: 1}
      m_Offset: {x: 0, y: 0}
      m_Rotation: 0
      m_Anchor: 9
    m_Material: {fileID: 2100000, guid: c22777d6e868e4f2fb421913386b154e, type: 2}
    m_SubmeshIndex: 0
    m_ManualUV: 0
    elementGroup: 0
    m_TextureGroup: 0
  - m_Indexes: 0f0000001000000011000000
    m_SmoothingGroup: 0
    m_Uv:
      m_UseWorldSpace: 0
      m_FlipU: 0
      m_FlipV: 0
      m_SwapUV: 0
      m_Fill: 1
      m_Scale: {x: 1, y: 1}
      m_Offset: {x: 0, y: 0}
      m_Rotation: 0
      m_Anchor: 9
    m_Material: {fileID: 2100000, guid: c22777d6e868e4f2fb421913386b154e, type: 2}
    m_SubmeshIndex: 0
    m_ManualUV: 0
    elementGroup: 0
    m_TextureGroup: 0
  - m_Indexes: 140000001300000012000000
    m_SmoothingGroup: 0
    m_Uv:
      m_UseWorldSpace: 0
      m_FlipU: 0
      m_FlipV: 0
      m_SwapUV: 0
      m_Fill: 1
      m_Scale: {x: 1, y: 1}
      m_Offset: {x: 0, y: 0}
      m_Rotation: 0
      m_Anchor: 9
    m_Material: {fileID: 2100000, guid: c22777d6e868e4f2fb421913386b154e, type: 2}
    m_SubmeshIndex: 0
    m_ManualUV: 0
    elementGroup: 0
    m_TextureGroup: 0
  - m_Indexes: 150000001600000017000000
    m_SmoothingGroup: 0
    m_Uv:
      m_UseWorldSpace: 0
      m_FlipU: 0
      m_FlipV: 0
      m_SwapUV: 0
      m_Fill: 1
      m_Scale: {x: 1, y: 1}
      m_Offset: {x: 0, y: 0}
      m_Rotation: 0
      m_Anchor: 9
    m_Material: {fileID: 2100000, guid: c22777d6e868e4f2fb421913386b154e, type: 2}
    m_SubmeshIndex: 0
    m_ManualUV: 0
    elementGroup: 0
    m_TextureGroup: 0
  - m_Indexes: 1a0000001900000018000000
    m_SmoothingGroup: 0
    m_Uv:
      m_UseWorldSpace: 0
      m_FlipU: 0
      m_FlipV: 0
      m_SwapUV: 0
      m_Fill: 1
      m_Scale: {x: 1, y: 1}
      m_Offset: {x: 0, y: 0}
      m_Rotation: 0
      m_Anchor: 9
    m_Material: {fileID: 2100000, guid: c22777d6e868e4f2fb421913386b154e, type: 2}
    m_SubmeshIndex: 0
    m_ManualUV: 0
    elementGroup: 0
    m_TextureGroup: 0
  - m_Indexes: 1b0000001c0000001d000000
    m_SmoothingGroup: 0
    m_Uv:
      m_UseWorldSpace: 0
      m_FlipU: 0
      m_FlipV: 0
      m_SwapUV: 0
      m_Fill: 1
      m_Scale: {x: 1, y: 1}
      m_Offset: {x: 0, y: 0}
      m_Rotation: 0
      m_Anchor: 9
    m_Material: {fileID: 2100000, guid: c22777d6e868e4f2fb421913386b154e, type: 2}
    m_SubmeshIndex: 0
    m_ManualUV: 0
    elementGroup: 0
    m_TextureGroup: 0
  - m_Indexes: 200000001f0000001e000000
    m_SmoothingGroup: 0
    m_Uv:
      m_UseWorldSpace: 0
      m_FlipU: 0
      m_FlipV: 0
      m_SwapUV: 0
      m_Fill: 1
      m_Scale: {x: 1, y: 1}
      m_Offset: {x: 0, y: 0}
      m_Rotation: 0
      m_Anchor: 9
    m_Material: {fileID: 2100000, guid: c22777d6e868e4f2fb421913386b154e, type: 2}
    m_SubmeshIndex: 0
    m_ManualUV: 0
    elementGroup: 0
    m_TextureGroup: 0
  - m_Indexes: 210000002200000023000000
    m_SmoothingGroup: 0
    m_Uv:
      m_UseWorldSpace: 0
      m_FlipU: 0
      m_FlipV: 0
      m_SwapUV: 0
      m_Fill: 1
      m_Scale: {x: 1, y: 1}
      m_Offset: {x: 0, y: 0}
      m_Rotation: 0
      m_Anchor: 9
    m_Material: {fileID: 2100000, guid: c22777d6e868e4f2fb421913386b154e, type: 2}
    m_SubmeshIndex: 0
    m_ManualUV: 0
    elementGroup: 0
    m_TextureGroup: 0
  m_SharedVertices:
  - m_Vertices: 00000000030000001f00000022000000
  - m_Vertices: 01000000040000000600000009000000
  - m_Vertices: 02000000080000000e000000140000001a00000020000000
  - m_Vertices: 050000000b00000011000000170000001d00000023000000
  - m_Vertices: 070000000a0000000c0000000f000000
  - m_Vertices: 0d000000100000001200000015000000
  - m_Vertices: 1300000016000000180000001b000000
  - m_Vertices: 190000001c0000001e00000021000000
  m_SharedTextures: []
  m_Positions:
  - {x: 0, y: 0, z: 0}
  - {x: -0.5, y: 0, z: 0.86602545}
  - {x: -1, y: 2, z: 0}
  - {x: 0, y: 0, z: 0}
  - {x: -0.5, y: 0, z: 0.86602545}
  - {x: -1, y: 0, z: 0}
  - {x: -0.5, y: 0, z: 0.86602545}
  - {x: -1.5, y: 0, z: 0.8660254}
  - {x: -1, y: 2, z: 0}
  - {x: -0.5, y: 0, z: 0.86602545}
  - {x: -1.5, y: 0, z: 0.8660254}
  - {x: -1, y: 0, z: 0}
  - {x: -1.5, y: 0, z: 0.8660254}
  - {x: -2, y: 0, z: -0.00000008742278}
  - {x: -1, y: 2, z: 0}
  - {x: -1.5, y: 0, z: 0.8660254}
  - {x: -2, y: 0, z: -0.00000008742278}
  - {x: -1, y: 0, z: 0}
  - {x: -2, y: 0, z: -0.00000008742278}
  - {x: -1.4999999, y: 0, z: -0.86602545}
  - {x: -1, y: 2, z: 0}
  - {x: -2, y: 0, z: -0.00000008742278}
  - {x: -1.4999999, y: 0, z: -0.86602545}
  - {x: -1, y: 0, z: 0}
  - {x: -1.4999999, y: 0, z: -0.86602545}
  - {x: -0.5000001, y: 0, z: -0.86602545}
  - {x: -1, y: 2, z: 0}
  - {x: -1.4999999, y: 0, z: -0.86602545}
  - {x: -0.5000001, y: 0, z: -0.86602545}
  - {x: -1, y: 0, z: 0}
  - {x: -0.5000001, y: 0, z: -0.86602545}
  - {x: 0, y: 0, z: 0}
  - {x: -1, y: 2, z: 0}
  - {x: -0.5000001, y: 0, z: -0.86602545}
  - {x: 0, y: 0, z: 0}
  - {x: -1, y: 0, z: 0}
  m_Textures0:
  - {x: 0, y: 0}
  - {x: 1, y: -0.000000017593862}
  - {x: 0.5, y: 2.1794496}
  - {x: 0, y: 0}
  - {x: 0.5, y: 0.86602545}
  - {x: 1, y: 0}
  - {x: 0.49999994, y: -0.34412366}
  - {x: 1.5, y: -0.34412366}
  - {x: 1, y: 1.835326}
  - {x: 0.5, y: 0.86602545}
  - {x: 1.5, y: 0.8660254}
  - {x: 1, y: 0}
  - {x: 0.000000026922347, y: -0.6882472}
  - {x: 1.0000001, y: -0.6882472}
  - {x: 0.5, y: 1.4912024}
  - {x: 1.5, y: 0.8660254}
  - {x: 2, y: -0.00000008742278}
  - {x: 1, y: 0}
  - {x: -1, y: -0.68824714}
  - {x: -0.000000056724666, y: -0.68824714}
  - {x: -0.50000006, y: 1.4912024}
  - {x: 2, y: -0.00000008742278}
  - {x: 1.4999999, y: -0.86602545}
  - {x: 1, y: 0}
  - {x: -1.4999999, y: -0.34412363}
  - {x: -0.5000001, y: -0.34412363}
  - {x: -1, y: 1.8353258}
  - {x: 1.4999999, y: -0.86602545}
  - {x: 0.5000001, y: -0.86602545}
  - {x: 1, y: 0}
  - {x: -1.0000001, y: -0.000000019278247}
  - {x: 0, y: 0}
  - {x: -0.50000006, y: 2.1794496}
  - {x: 0.5000001, y: -0.86602545}
  - {x: 0, y: 0}
  - {x: 1, y: 0}
  m_Textures2: []
  m_Textures3: []
  m_Tangents:
  - {x: -0.5, y: -0.000000011842243, z: 0.86602545, w: -1}
  - {x: -0.5, y: -0.000000011842243, z: 0.86602545, w: -1}
  - {x: -0.5, y: -0.000000011842243, z: 0.86602545, w: -1}
  - {x: -1, y: 0, z: 0, w: -1}
  - {x: -1, y: 0, z: 0, w: -1}
  - {x: -1, y: 0, z: 0, w: -1}
  - {x: -1, y: 0, z: -0.000000059604645, w: -1}
  - {x: -1, y: 0, z: -0.000000059604645, w: -1}
  - {x: -1, y: 0, z: -0.000000059604645, w: -1}
  - {x: -1, y: 0, z: 0, w: -1}
  - {x: -1, y: 0, z: 0, w: -1}
  - {x: -1, y: 0, z: 0, w: -1}
  - {x: -0.5, y: 0.000000023684485, z: -0.8660254, w: -1}
  - {x: -0.5, y: 0.000000023684485, z: -0.8660254, w: -1}
  - {x: -0.5, y: 0.000000023684485, z: -0.8660254, w: -1}
  - {x: -1, y: 0, z: 0, w: -1}
  - {x: -1, y: 0, z: 0, w: -1}
  - {x: -1, y: 0, z: 0, w: -1}
  - {x: 0.50000006, y: 0.00000002368448, z: -0.8660253, w: -1}
  - {x: 0.50000006, y: 0.00000002368448, z: -0.8660253, w: -1}
  - {x: 0.50000006, y: 0.00000002368448, z: -0.8660253, w: -1}
  - {x: -1, y: 0, z: 0, w: -1}
  - {x: -1, y: 0, z: 0, w: -1}
  - {x: -1, y: 0, z: 0, w: -1}
  - {x: 1, y: 0, z: 0, w: -1}
  - {x: 1, y: 0, z: 0, w: -1}
  - {x: 1, y: 0, z: 0, w: -1}
  - {x: -1, y: 0, z: 0, w: -1}
  - {x: -1, y: 0, z: 0, w: -1}
  - {x: -1, y: 0, z: 0, w: -1}
  - {x: 0.5000001, y: -0.000000011842243, z: 0.8660254, w: -1}
  - {x: 0.5000001, y: -0.000000011842243, z: 0.8660254, w: -1}
  - {x: 0.5000001, y: -0.000000011842243, z: 0.8660254, w: -1}
  - {x: -1, y: 0, z: 0, w: -1}
  - {x: -1, y: 0, z: 0, w: -1}
  - {x: -1, y: 0, z: 0, w: -1}
  m_Colors: []
  m_UnwrapParameters:
    m_HardAngle: 88
    m_PackMargin: 20
    m_AngleError: 8
    m_AreaError: 15
  m_PreserveMeshAssetOnDestroy: 0
  assetGuid: 
  m_IsSelectable: 1
  m_SelectedFaces: 
  m_SelectedEdges: []
  m_SelectedVertices: 
--- !u!64 &2774794564091951934
MeshCollider:
  m_ObjectHideFlags: 0
  m_CorrespondingSourceObject: {fileID: 0}
  m_PrefabInstance: {fileID: 0}
  m_PrefabAsset: {fileID: 0}
  m_GameObject: {fileID: 5376929324753597823}
  m_Material: {fileID: 0}
  m_IsTrigger: 0
  m_Enabled: 0
  serializedVersion: 3
  m_Convex: 0
  m_CookingOptions: 14
  m_Mesh: {fileID: 0}
--- !u!1 &7541246697599189632
GameObject:
  m_ObjectHideFlags: 0
  m_CorrespondingSourceObject: {fileID: 0}
  m_PrefabInstance: {fileID: 0}
  m_PrefabAsset: {fileID: 0}
  serializedVersion: 6
  m_Component:
  - component: {fileID: 8418655304424024398}
  - component: {fileID: 7875077499473543848}
  - component: {fileID: 6507910569946894515}
  - component: {fileID: 8498385936638220143}
  - component: {fileID: 8827455632067792779}
  m_Layer: 0
  m_Name: Cone (4)
  m_TagString: Untagged
  m_Icon: {fileID: 0}
  m_NavMeshLayer: 0
  m_StaticEditorFlags: 0
  m_IsActive: 1
--- !u!4 &8418655304424024398
Transform:
  m_ObjectHideFlags: 0
  m_CorrespondingSourceObject: {fileID: 0}
  m_PrefabInstance: {fileID: 0}
  m_PrefabAsset: {fileID: 0}
  m_GameObject: {fileID: 7541246697599189632}
  m_LocalRotation: {x: 0.7071068, y: -0, z: 0.7071068, w: 0}
  m_LocalPosition: {x: 0.19999695, y: -0.3300617, z: 0.5279999}
  m_LocalScale: {x: 0.004574802, y: 0.18065938, z: 0.115490064}
  m_Children: []
  m_Father: {fileID: 1200934546230363153}
  m_RootOrder: 6
  m_LocalEulerAnglesHint: {x: 0, y: 0, z: 0}
--- !u!33 &7875077499473543848
MeshFilter:
  m_ObjectHideFlags: 0
  m_CorrespondingSourceObject: {fileID: 0}
  m_PrefabInstance: {fileID: 0}
  m_PrefabAsset: {fileID: 0}
  m_GameObject: {fileID: 7541246697599189632}
  m_Mesh: {fileID: 0}
--- !u!23 &6507910569946894515
MeshRenderer:
  m_ObjectHideFlags: 0
  m_CorrespondingSourceObject: {fileID: 0}
  m_PrefabInstance: {fileID: 0}
  m_PrefabAsset: {fileID: 0}
  m_GameObject: {fileID: 7541246697599189632}
  m_Enabled: 1
  m_CastShadows: 1
  m_ReceiveShadows: 1
  m_DynamicOccludee: 1
  m_MotionVectors: 1
  m_LightProbeUsage: 1
  m_ReflectionProbeUsage: 1
  m_RenderingLayerMask: 1
  m_RendererPriority: 0
  m_Materials:
  - {fileID: 2100000, guid: 46676f0cda046064c8e4eb5635797d7e, type: 2}
  m_StaticBatchInfo:
    firstSubMesh: 0
    subMeshCount: 0
  m_StaticBatchRoot: {fileID: 0}
  m_ProbeAnchor: {fileID: 0}
  m_LightProbeVolumeOverride: {fileID: 0}
  m_ScaleInLightmap: 1
  m_PreserveUVs: 0
  m_IgnoreNormalsForChartDetection: 0
  m_ImportantGI: 0
  m_StitchLightmapSeams: 0
  m_SelectedEditorRenderState: 2
  m_MinimumChartSize: 4
  m_AutoUVMaxDistance: 0.5
  m_AutoUVMaxAngle: 89
  m_LightmapParameters: {fileID: 0}
  m_SortingLayerID: 0
  m_SortingLayer: 0
  m_SortingOrder: 0
--- !u!114 &8498385936638220143
MonoBehaviour:
  m_ObjectHideFlags: 0
  m_CorrespondingSourceObject: {fileID: 0}
  m_PrefabInstance: {fileID: 0}
  m_PrefabAsset: {fileID: 0}
  m_GameObject: {fileID: 7541246697599189632}
  m_Enabled: 1
  m_EditorHideFlags: 0
  m_Script: {fileID: 11500000, guid: 8233d90336aea43098adf6dbabd606a2, type: 3}
  m_Name: 
  m_EditorClassIdentifier: 
  m_MeshFormatVersion: 1
  m_Faces:
  - m_Indexes: 020000000100000000000000
    m_SmoothingGroup: 0
    m_Uv:
      m_UseWorldSpace: 0
      m_FlipU: 0
      m_FlipV: 0
      m_SwapUV: 0
      m_Fill: 1
      m_Scale: {x: 1, y: 1}
      m_Offset: {x: 0, y: 0}
      m_Rotation: 0
      m_Anchor: 9
    m_Material: {fileID: 2100000, guid: c22777d6e868e4f2fb421913386b154e, type: 2}
    m_SubmeshIndex: 0
    m_ManualUV: 0
    elementGroup: 0
    m_TextureGroup: 0
  - m_Indexes: 030000000400000005000000
    m_SmoothingGroup: 0
    m_Uv:
      m_UseWorldSpace: 0
      m_FlipU: 0
      m_FlipV: 0
      m_SwapUV: 0
      m_Fill: 1
      m_Scale: {x: 1, y: 1}
      m_Offset: {x: 0, y: 0}
      m_Rotation: 0
      m_Anchor: 9
    m_Material: {fileID: 2100000, guid: c22777d6e868e4f2fb421913386b154e, type: 2}
    m_SubmeshIndex: 0
    m_ManualUV: 0
    elementGroup: 0
    m_TextureGroup: 0
  - m_Indexes: 080000000700000006000000
    m_SmoothingGroup: 0
    m_Uv:
      m_UseWorldSpace: 0
      m_FlipU: 0
      m_FlipV: 0
      m_SwapUV: 0
      m_Fill: 1
      m_Scale: {x: 1, y: 1}
      m_Offset: {x: 0, y: 0}
      m_Rotation: 0
      m_Anchor: 9
    m_Material: {fileID: 2100000, guid: c22777d6e868e4f2fb421913386b154e, type: 2}
    m_SubmeshIndex: 0
    m_ManualUV: 0
    elementGroup: 0
    m_TextureGroup: 0
  - m_Indexes: 090000000a0000000b000000
    m_SmoothingGroup: 0
    m_Uv:
      m_UseWorldSpace: 0
      m_FlipU: 0
      m_FlipV: 0
      m_SwapUV: 0
      m_Fill: 1
      m_Scale: {x: 1, y: 1}
      m_Offset: {x: 0, y: 0}
      m_Rotation: 0
      m_Anchor: 9
    m_Material: {fileID: 2100000, guid: c22777d6e868e4f2fb421913386b154e, type: 2}
    m_SubmeshIndex: 0
    m_ManualUV: 0
    elementGroup: 0
    m_TextureGroup: 0
  - m_Indexes: 0e0000000d0000000c000000
    m_SmoothingGroup: 0
    m_Uv:
      m_UseWorldSpace: 0
      m_FlipU: 0
      m_FlipV: 0
      m_SwapUV: 0
      m_Fill: 1
      m_Scale: {x: 1, y: 1}
      m_Offset: {x: 0, y: 0}
      m_Rotation: 0
      m_Anchor: 9
    m_Material: {fileID: 2100000, guid: c22777d6e868e4f2fb421913386b154e, type: 2}
    m_SubmeshIndex: 0
    m_ManualUV: 0
    elementGroup: 0
    m_TextureGroup: 0
  - m_Indexes: 0f0000001000000011000000
    m_SmoothingGroup: 0
    m_Uv:
      m_UseWorldSpace: 0
      m_FlipU: 0
      m_FlipV: 0
      m_SwapUV: 0
      m_Fill: 1
      m_Scale: {x: 1, y: 1}
      m_Offset: {x: 0, y: 0}
      m_Rotation: 0
      m_Anchor: 9
    m_Material: {fileID: 2100000, guid: c22777d6e868e4f2fb421913386b154e, type: 2}
    m_SubmeshIndex: 0
    m_ManualUV: 0
    elementGroup: 0
    m_TextureGroup: 0
  - m_Indexes: 140000001300000012000000
    m_SmoothingGroup: 0
    m_Uv:
      m_UseWorldSpace: 0
      m_FlipU: 0
      m_FlipV: 0
      m_SwapUV: 0
      m_Fill: 1
      m_Scale: {x: 1, y: 1}
      m_Offset: {x: 0, y: 0}
      m_Rotation: 0
      m_Anchor: 9
    m_Material: {fileID: 2100000, guid: c22777d6e868e4f2fb421913386b154e, type: 2}
    m_SubmeshIndex: 0
    m_ManualUV: 0
    elementGroup: 0
    m_TextureGroup: 0
  - m_Indexes: 150000001600000017000000
    m_SmoothingGroup: 0
    m_Uv:
      m_UseWorldSpace: 0
      m_FlipU: 0
      m_FlipV: 0
      m_SwapUV: 0
      m_Fill: 1
      m_Scale: {x: 1, y: 1}
      m_Offset: {x: 0, y: 0}
      m_Rotation: 0
      m_Anchor: 9
    m_Material: {fileID: 2100000, guid: c22777d6e868e4f2fb421913386b154e, type: 2}
    m_SubmeshIndex: 0
    m_ManualUV: 0
    elementGroup: 0
    m_TextureGroup: 0
  - m_Indexes: 1a0000001900000018000000
    m_SmoothingGroup: 0
    m_Uv:
      m_UseWorldSpace: 0
      m_FlipU: 0
      m_FlipV: 0
      m_SwapUV: 0
      m_Fill: 1
      m_Scale: {x: 1, y: 1}
      m_Offset: {x: 0, y: 0}
      m_Rotation: 0
      m_Anchor: 9
    m_Material: {fileID: 2100000, guid: c22777d6e868e4f2fb421913386b154e, type: 2}
    m_SubmeshIndex: 0
    m_ManualUV: 0
    elementGroup: 0
    m_TextureGroup: 0
  - m_Indexes: 1b0000001c0000001d000000
    m_SmoothingGroup: 0
    m_Uv:
      m_UseWorldSpace: 0
      m_FlipU: 0
      m_FlipV: 0
      m_SwapUV: 0
      m_Fill: 1
      m_Scale: {x: 1, y: 1}
      m_Offset: {x: 0, y: 0}
      m_Rotation: 0
      m_Anchor: 9
    m_Material: {fileID: 2100000, guid: c22777d6e868e4f2fb421913386b154e, type: 2}
    m_SubmeshIndex: 0
    m_ManualUV: 0
    elementGroup: 0
    m_TextureGroup: 0
  - m_Indexes: 200000001f0000001e000000
    m_SmoothingGroup: 0
    m_Uv:
      m_UseWorldSpace: 0
      m_FlipU: 0
      m_FlipV: 0
      m_SwapUV: 0
      m_Fill: 1
      m_Scale: {x: 1, y: 1}
      m_Offset: {x: 0, y: 0}
      m_Rotation: 0
      m_Anchor: 9
    m_Material: {fileID: 2100000, guid: c22777d6e868e4f2fb421913386b154e, type: 2}
    m_SubmeshIndex: 0
    m_ManualUV: 0
    elementGroup: 0
    m_TextureGroup: 0
  - m_Indexes: 210000002200000023000000
    m_SmoothingGroup: 0
    m_Uv:
      m_UseWorldSpace: 0
      m_FlipU: 0
      m_FlipV: 0
      m_SwapUV: 0
      m_Fill: 1
      m_Scale: {x: 1, y: 1}
      m_Offset: {x: 0, y: 0}
      m_Rotation: 0
      m_Anchor: 9
    m_Material: {fileID: 2100000, guid: c22777d6e868e4f2fb421913386b154e, type: 2}
    m_SubmeshIndex: 0
    m_ManualUV: 0
    elementGroup: 0
    m_TextureGroup: 0
  m_SharedVertices:
  - m_Vertices: 00000000030000001f00000022000000
  - m_Vertices: 01000000040000000600000009000000
  - m_Vertices: 02000000080000000e000000140000001a00000020000000
  - m_Vertices: 050000000b00000011000000170000001d00000023000000
  - m_Vertices: 070000000a0000000c0000000f000000
  - m_Vertices: 0d000000100000001200000015000000
  - m_Vertices: 1300000016000000180000001b000000
  - m_Vertices: 190000001c0000001e00000021000000
  m_SharedTextures: []
  m_Positions:
  - {x: 0, y: 0, z: 0}
  - {x: -0.5, y: 0, z: 0.86602545}
  - {x: -1, y: 2, z: 0}
  - {x: 0, y: 0, z: 0}
  - {x: -0.5, y: 0, z: 0.86602545}
  - {x: -1, y: 0, z: 0}
  - {x: -0.5, y: 0, z: 0.86602545}
  - {x: -1.5, y: 0, z: 0.8660254}
  - {x: -1, y: 2, z: 0}
  - {x: -0.5, y: 0, z: 0.86602545}
  - {x: -1.5, y: 0, z: 0.8660254}
  - {x: -1, y: 0, z: 0}
  - {x: -1.5, y: 0, z: 0.8660254}
  - {x: -2, y: 0, z: -0.00000008742278}
  - {x: -1, y: 2, z: 0}
  - {x: -1.5, y: 0, z: 0.8660254}
  - {x: -2, y: 0, z: -0.00000008742278}
  - {x: -1, y: 0, z: 0}
  - {x: -2, y: 0, z: -0.00000008742278}
  - {x: -1.4999999, y: 0, z: -0.86602545}
  - {x: -1, y: 2, z: 0}
  - {x: -2, y: 0, z: -0.00000008742278}
  - {x: -1.4999999, y: 0, z: -0.86602545}
  - {x: -1, y: 0, z: 0}
  - {x: -1.4999999, y: 0, z: -0.86602545}
  - {x: -0.5000001, y: 0, z: -0.86602545}
  - {x: -1, y: 2, z: 0}
  - {x: -1.4999999, y: 0, z: -0.86602545}
  - {x: -0.5000001, y: 0, z: -0.86602545}
  - {x: -1, y: 0, z: 0}
  - {x: -0.5000001, y: 0, z: -0.86602545}
  - {x: 0, y: 0, z: 0}
  - {x: -1, y: 2, z: 0}
  - {x: -0.5000001, y: 0, z: -0.86602545}
  - {x: 0, y: 0, z: 0}
  - {x: -1, y: 0, z: 0}
  m_Textures0:
  - {x: 0, y: 0}
  - {x: 1, y: -0.000000017593862}
  - {x: 0.5, y: 2.1794496}
  - {x: 0, y: 0}
  - {x: 0.5, y: 0.86602545}
  - {x: 1, y: 0}
  - {x: 0.49999994, y: -0.34412366}
  - {x: 1.5, y: -0.34412366}
  - {x: 1, y: 1.835326}
  - {x: 0.5, y: 0.86602545}
  - {x: 1.5, y: 0.8660254}
  - {x: 1, y: 0}
  - {x: 0.000000026922347, y: -0.6882472}
  - {x: 1.0000001, y: -0.6882472}
  - {x: 0.5, y: 1.4912024}
  - {x: 1.5, y: 0.8660254}
  - {x: 2, y: -0.00000008742278}
  - {x: 1, y: 0}
  - {x: -1, y: -0.68824714}
  - {x: -0.000000056724666, y: -0.68824714}
  - {x: -0.50000006, y: 1.4912024}
  - {x: 2, y: -0.00000008742278}
  - {x: 1.4999999, y: -0.86602545}
  - {x: 1, y: 0}
  - {x: -1.4999999, y: -0.34412363}
  - {x: -0.5000001, y: -0.34412363}
  - {x: -1, y: 1.8353258}
  - {x: 1.4999999, y: -0.86602545}
  - {x: 0.5000001, y: -0.86602545}
  - {x: 1, y: 0}
  - {x: -1.0000001, y: -0.000000019278247}
  - {x: 0, y: 0}
  - {x: -0.50000006, y: 2.1794496}
  - {x: 0.5000001, y: -0.86602545}
  - {x: 0, y: 0}
  - {x: 1, y: 0}
  m_Textures2: []
  m_Textures3: []
  m_Tangents:
  - {x: -0.5, y: -0.000000011842243, z: 0.86602545, w: -1}
  - {x: -0.5, y: -0.000000011842243, z: 0.86602545, w: -1}
  - {x: -0.5, y: -0.000000011842243, z: 0.86602545, w: -1}
  - {x: -1, y: 0, z: 0, w: -1}
  - {x: -1, y: 0, z: 0, w: -1}
  - {x: -1, y: 0, z: 0, w: -1}
  - {x: -1, y: 0, z: -0.000000059604645, w: -1}
  - {x: -1, y: 0, z: -0.000000059604645, w: -1}
  - {x: -1, y: 0, z: -0.000000059604645, w: -1}
  - {x: -1, y: 0, z: 0, w: -1}
  - {x: -1, y: 0, z: 0, w: -1}
  - {x: -1, y: 0, z: 0, w: -1}
  - {x: -0.5, y: 0.000000023684485, z: -0.8660254, w: -1}
  - {x: -0.5, y: 0.000000023684485, z: -0.8660254, w: -1}
  - {x: -0.5, y: 0.000000023684485, z: -0.8660254, w: -1}
  - {x: -1, y: 0, z: 0, w: -1}
  - {x: -1, y: 0, z: 0, w: -1}
  - {x: -1, y: 0, z: 0, w: -1}
  - {x: 0.50000006, y: 0.00000002368448, z: -0.8660253, w: -1}
  - {x: 0.50000006, y: 0.00000002368448, z: -0.8660253, w: -1}
  - {x: 0.50000006, y: 0.00000002368448, z: -0.8660253, w: -1}
  - {x: -1, y: 0, z: 0, w: -1}
  - {x: -1, y: 0, z: 0, w: -1}
  - {x: -1, y: 0, z: 0, w: -1}
  - {x: 1, y: 0, z: 0, w: -1}
  - {x: 1, y: 0, z: 0, w: -1}
  - {x: 1, y: 0, z: 0, w: -1}
  - {x: -1, y: 0, z: 0, w: -1}
  - {x: -1, y: 0, z: 0, w: -1}
  - {x: -1, y: 0, z: 0, w: -1}
  - {x: 0.5000001, y: -0.000000011842243, z: 0.8660254, w: -1}
  - {x: 0.5000001, y: -0.000000011842243, z: 0.8660254, w: -1}
  - {x: 0.5000001, y: -0.000000011842243, z: 0.8660254, w: -1}
  - {x: -1, y: 0, z: 0, w: -1}
  - {x: -1, y: 0, z: 0, w: -1}
  - {x: -1, y: 0, z: 0, w: -1}
  m_Colors: []
  m_UnwrapParameters:
    m_HardAngle: 88
    m_PackMargin: 20
    m_AngleError: 8
    m_AreaError: 15
  m_PreserveMeshAssetOnDestroy: 0
  assetGuid: 
  m_IsSelectable: 1
  m_SelectedFaces: 
  m_SelectedEdges: []
  m_SelectedVertices: 
--- !u!64 &8827455632067792779
MeshCollider:
  m_ObjectHideFlags: 0
  m_CorrespondingSourceObject: {fileID: 0}
  m_PrefabInstance: {fileID: 0}
  m_PrefabAsset: {fileID: 0}
  m_GameObject: {fileID: 7541246697599189632}
  m_Material: {fileID: 0}
  m_IsTrigger: 0
  m_Enabled: 0
  serializedVersion: 3
  m_Convex: 0
  m_CookingOptions: 14
  m_Mesh: {fileID: 0}
--- !u!1001 &1272776661861500620
PrefabInstance:
  m_ObjectHideFlags: 0
  serializedVersion: 2
  m_Modification:
    m_TransformParent: {fileID: 0}
    m_Modifications:
    - target: {fileID: 73003423316296358, guid: 73d9f65b69aff3746bcc4a8042a96b56,
        type: 3}
      propertyPath: m_Name
      value: Enemy spooklevel
      objectReference: {fileID: 0}
    - target: {fileID: 73003423316296413, guid: 73d9f65b69aff3746bcc4a8042a96b56,
        type: 3}
      propertyPath: m_LocalPosition.x
      value: -171.63687
      objectReference: {fileID: 0}
    - target: {fileID: 73003423316296413, guid: 73d9f65b69aff3746bcc4a8042a96b56,
        type: 3}
      propertyPath: m_LocalPosition.y
      value: -195.029
      objectReference: {fileID: 0}
    - target: {fileID: 73003423316296413, guid: 73d9f65b69aff3746bcc4a8042a96b56,
        type: 3}
      propertyPath: m_LocalPosition.z
      value: 5.228042
      objectReference: {fileID: 0}
    - target: {fileID: 73003423316296413, guid: 73d9f65b69aff3746bcc4a8042a96b56,
        type: 3}
      propertyPath: m_LocalRotation.x
      value: 0
      objectReference: {fileID: 0}
    - target: {fileID: 73003423316296413, guid: 73d9f65b69aff3746bcc4a8042a96b56,
        type: 3}
      propertyPath: m_LocalRotation.y
      value: 0
      objectReference: {fileID: 0}
    - target: {fileID: 73003423316296413, guid: 73d9f65b69aff3746bcc4a8042a96b56,
        type: 3}
      propertyPath: m_LocalRotation.z
      value: 0
      objectReference: {fileID: 0}
    - target: {fileID: 73003423316296413, guid: 73d9f65b69aff3746bcc4a8042a96b56,
        type: 3}
      propertyPath: m_LocalRotation.w
      value: 1
      objectReference: {fileID: 0}
    - target: {fileID: 73003423316296413, guid: 73d9f65b69aff3746bcc4a8042a96b56,
        type: 3}
      propertyPath: m_RootOrder
      value: 0
      objectReference: {fileID: 0}
    - target: {fileID: 73003423316296413, guid: 73d9f65b69aff3746bcc4a8042a96b56,
        type: 3}
      propertyPath: m_LocalEulerAnglesHint.x
      value: 0
      objectReference: {fileID: 0}
    - target: {fileID: 73003423316296413, guid: 73d9f65b69aff3746bcc4a8042a96b56,
        type: 3}
      propertyPath: m_LocalEulerAnglesHint.y
      value: 0
      objectReference: {fileID: 0}
    - target: {fileID: 73003423316296413, guid: 73d9f65b69aff3746bcc4a8042a96b56,
        type: 3}
      propertyPath: m_LocalEulerAnglesHint.z
      value: 0
      objectReference: {fileID: 0}
    - target: {fileID: 73003423316296355, guid: 73d9f65b69aff3746bcc4a8042a96b56,
        type: 3}
      propertyPath: m_Materials.Array.data[0]
      value: 
      objectReference: {fileID: 2100000, guid: 3d8ae8a80791ac94baaf24b88fef9578, type: 2}
    - target: {fileID: 73003425279034763, guid: 73d9f65b69aff3746bcc4a8042a96b56,
        type: 3}
      propertyPath: m_Materials.Array.data[0]
      value: 
      objectReference: {fileID: 2100000, guid: 46676f0cda046064c8e4eb5635797d7e, type: 2}
    - target: {fileID: 73003424655358269, guid: 73d9f65b69aff3746bcc4a8042a96b56,
        type: 3}
      propertyPath: m_Materials.Array.data[0]
      value: 
      objectReference: {fileID: 2100000, guid: 46676f0cda046064c8e4eb5635797d7e, type: 2}
    - target: {fileID: 73003424090573057, guid: 73d9f65b69aff3746bcc4a8042a96b56,
        type: 3}
      propertyPath: m_Materials.Array.data[0]
      value: 
      objectReference: {fileID: 2100000, guid: 3d8ae8a80791ac94baaf24b88fef9578, type: 2}
    - target: {fileID: 73003423414981347, guid: 73d9f65b69aff3746bcc4a8042a96b56,
        type: 3}
      propertyPath: m_Materials.Array.data[0]
      value: 
      objectReference: {fileID: 2100000, guid: 3d8ae8a80791ac94baaf24b88fef9578, type: 2}
    m_RemovedComponents:
    - {fileID: 73003423316296353, guid: 73d9f65b69aff3746bcc4a8042a96b56, type: 3}
  m_SourcePrefab: {fileID: 100100000, guid: 73d9f65b69aff3746bcc4a8042a96b56, type: 3}
--- !u!4 &1200934546230363153 stripped
Transform:
  m_CorrespondingSourceObject: {fileID: 73003423316296413, guid: 73d9f65b69aff3746bcc4a8042a96b56,
    type: 3}
  m_PrefabInstance: {fileID: 1272776661861500620}
  m_PrefabAsset: {fileID: 0}
--- !u!1 &1200934546230363242 stripped
GameObject:
  m_CorrespondingSourceObject: {fileID: 73003423316296358, guid: 73d9f65b69aff3746bcc4a8042a96b56,
    type: 3}
  m_PrefabInstance: {fileID: 1272776661861500620}
  m_PrefabAsset: {fileID: 0}
