%YAML 1.1
%TAG !u! tag:unity3d.com,2011:
--- !u!1 &5385557567877500425
GameObject:
  m_ObjectHideFlags: 0
  m_CorrespondingSourceObject: {fileID: 0}
  m_PrefabInstance: {fileID: 0}
  m_PrefabAsset: {fileID: 0}
  serializedVersion: 6
  m_Component:
  - component: {fileID: 6194738919440477447}
  m_Layer: 0
  m_Name: PlayerFireLevel3
  m_TagString: Untagged
  m_Icon: {fileID: 0}
  m_NavMeshLayer: 0
  m_StaticEditorFlags: 0
  m_IsActive: 1
--- !u!4 &6194738919440477447
Transform:
  m_ObjectHideFlags: 0
  m_CorrespondingSourceObject: {fileID: 0}
  m_PrefabInstance: {fileID: 0}
  m_PrefabAsset: {fileID: 0}
  m_GameObject: {fileID: 5385557567877500425}
  m_LocalRotation: {x: 0, y: 0, z: 0, w: 1}
  m_LocalPosition: {x: 26.6761, y: 59.625072, z: 9.423868}
  m_LocalScale: {x: 1, y: 1, z: 1}
  m_Children:
  - {fileID: 6013823681955703135}
  - {fileID: 6013823683249246200}
  m_Father: {fileID: 0}
  m_RootOrder: 0
  m_LocalEulerAnglesHint: {x: 0, y: 0, z: 0}
--- !u!1001 &5856378281218632817
PrefabInstance:
  m_ObjectHideFlags: 0
  serializedVersion: 2
  m_Modification:
    m_TransformParent: {fileID: 6194738919440477447}
    m_Modifications:
    - target: {fileID: 158591093217059724, guid: ffb9ee7c5d78a1d4088170e4084fdfe9,
        type: 3}
      propertyPath: m_Name
      value: FlameFollowPlayer
      objectReference: {fileID: 0}
    - target: {fileID: 158591093217059721, guid: ffb9ee7c5d78a1d4088170e4084fdfe9,
        type: 3}
      propertyPath: m_LocalPosition.x
      value: -11.6371
      objectReference: {fileID: 0}
    - target: {fileID: 158591093217059721, guid: ffb9ee7c5d78a1d4088170e4084fdfe9,
        type: 3}
      propertyPath: m_LocalPosition.y
      value: -53.534706
      objectReference: {fileID: 0}
    - target: {fileID: 158591093217059721, guid: ffb9ee7c5d78a1d4088170e4084fdfe9,
        type: 3}
      propertyPath: m_LocalPosition.z
      value: -82.72387
      objectReference: {fileID: 0}
    - target: {fileID: 158591093217059721, guid: ffb9ee7c5d78a1d4088170e4084fdfe9,
        type: 3}
      propertyPath: m_LocalRotation.x
      value: -0.7071068
      objectReference: {fileID: 0}
    - target: {fileID: 158591093217059721, guid: ffb9ee7c5d78a1d4088170e4084fdfe9,
        type: 3}
      propertyPath: m_LocalRotation.y
      value: -0
      objectReference: {fileID: 0}
    - target: {fileID: 158591093217059721, guid: ffb9ee7c5d78a1d4088170e4084fdfe9,
        type: 3}
      propertyPath: m_LocalRotation.z
      value: -0
      objectReference: {fileID: 0}
    - target: {fileID: 158591093217059721, guid: ffb9ee7c5d78a1d4088170e4084fdfe9,
        type: 3}
      propertyPath: m_LocalRotation.w
      value: 0.7071068
      objectReference: {fileID: 0}
    - target: {fileID: 158591093217059721, guid: ffb9ee7c5d78a1d4088170e4084fdfe9,
        type: 3}
      propertyPath: m_RootOrder
      value: 1
      objectReference: {fileID: 0}
    - target: {fileID: 158591093217059721, guid: ffb9ee7c5d78a1d4088170e4084fdfe9,
        type: 3}
      propertyPath: m_LocalEulerAnglesHint.x
      value: -90
      objectReference: {fileID: 0}
    - target: {fileID: 158591093217059721, guid: ffb9ee7c5d78a1d4088170e4084fdfe9,
        type: 3}
      propertyPath: m_LocalEulerAnglesHint.y
      value: 0
      objectReference: {fileID: 0}
    - target: {fileID: 158591093217059721, guid: ffb9ee7c5d78a1d4088170e4084fdfe9,
        type: 3}
      propertyPath: m_LocalEulerAnglesHint.z
      value: 0
      objectReference: {fileID: 0}
    - target: {fileID: 158591093217059720, guid: ffb9ee7c5d78a1d4088170e4084fdfe9,
        type: 3}
      propertyPath: target
      value: 
      objectReference: {fileID: 6013823681955703135}
    m_RemovedComponents: []
  m_SourcePrefab: {fileID: 100100000, guid: ffb9ee7c5d78a1d4088170e4084fdfe9, type: 3}
--- !u!4 &6013823683249246200 stripped
Transform:
  m_CorrespondingSourceObject: {fileID: 158591093217059721, guid: ffb9ee7c5d78a1d4088170e4084fdfe9,
    type: 3}
  m_PrefabInstance: {fileID: 5856378281218632817}
  m_PrefabAsset: {fileID: 0}
--- !u!1001 &6013823681693705972
PrefabInstance:
  m_ObjectHideFlags: 0
  serializedVersion: 2
  m_Modification:
    m_TransformParent: {fileID: 6194738919440477447}
    m_Modifications:
    - target: {fileID: 300044196, guid: 66eae6a4115d2f5459c2882b34792b23, type: 3}
      propertyPath: m_Name
      value: Player1.3
      objectReference: {fileID: 0}
    - target: {fileID: 300044203, guid: 66eae6a4115d2f5459c2882b34792b23, type: 3}
      propertyPath: m_LocalPosition.x
      value: -11.766979
      objectReference: {fileID: 0}
    - target: {fileID: 300044203, guid: 66eae6a4115d2f5459c2882b34792b23, type: 3}
      propertyPath: m_LocalPosition.y
      value: -53.534706
      objectReference: {fileID: 0}
    - target: {fileID: 300044203, guid: 66eae6a4115d2f5459c2882b34792b23, type: 3}
      propertyPath: m_LocalPosition.z
      value: -82.45527
      objectReference: {fileID: 0}
    - target: {fileID: 300044203, guid: 66eae6a4115d2f5459c2882b34792b23, type: 3}
      propertyPath: m_LocalRotation.x
      value: -0
      objectReference: {fileID: 0}
    - target: {fileID: 300044203, guid: 66eae6a4115d2f5459c2882b34792b23, type: 3}
      propertyPath: m_LocalRotation.y
      value: -0
      objectReference: {fileID: 0}
    - target: {fileID: 300044203, guid: 66eae6a4115d2f5459c2882b34792b23, type: 3}
      propertyPath: m_LocalRotation.z
      value: -0
      objectReference: {fileID: 0}
    - target: {fileID: 300044203, guid: 66eae6a4115d2f5459c2882b34792b23, type: 3}
      propertyPath: m_LocalRotation.w
      value: 1
      objectReference: {fileID: 0}
    - target: {fileID: 300044203, guid: 66eae6a4115d2f5459c2882b34792b23, type: 3}
      propertyPath: m_RootOrder
      value: 0
      objectReference: {fileID: 0}
    - target: {fileID: 300044203, guid: 66eae6a4115d2f5459c2882b34792b23, type: 3}
      propertyPath: m_LocalEulerAnglesHint.x
      value: 0
      objectReference: {fileID: 0}
    - target: {fileID: 300044203, guid: 66eae6a4115d2f5459c2882b34792b23, type: 3}
      propertyPath: m_LocalEulerAnglesHint.y
      value: 0
      objectReference: {fileID: 0}
    - target: {fileID: 300044203, guid: 66eae6a4115d2f5459c2882b34792b23, type: 3}
      propertyPath: m_LocalEulerAnglesHint.z
      value: 0
      objectReference: {fileID: 0}
    - target: {fileID: 300044199, guid: 66eae6a4115d2f5459c2882b34792b23, type: 3}
      propertyPath: speed
      value: 25
      objectReference: {fileID: 0}
    - target: {fileID: 300044197, guid: 66eae6a4115d2f5459c2882b34792b23, type: 3}
      propertyPath: rb
      value: 
      objectReference: {fileID: 6013823681955703122}
    - target: {fileID: 300044197, guid: 66eae6a4115d2f5459c2882b34792b23, type: 3}
      propertyPath: speed
      value: 25
      objectReference: {fileID: 0}
    m_RemovedComponents: []
  m_SourcePrefab: {fileID: 100100000, guid: 66eae6a4115d2f5459c2882b34792b23, type: 3}
--- !u!4 &6013823681955703135 stripped
Transform:
  m_CorrespondingSourceObject: {fileID: 300044203, guid: 66eae6a4115d2f5459c2882b34792b23,
    type: 3}
  m_PrefabInstance: {fileID: 6013823681693705972}
  m_PrefabAsset: {fileID: 0}
--- !u!54 &6013823681955703122 stripped
Rigidbody:
  m_CorrespondingSourceObject: {fileID: 300044198, guid: 66eae6a4115d2f5459c2882b34792b23,
    type: 3}
  m_PrefabInstance: {fileID: 6013823681693705972}
  m_PrefabAsset: {fileID: 0}
